date,symbol,reportedCurrency,cik,filingDate,acceptedDate,fiscalYear,period,revenue,costOfRevenue,grossProfit,researchAndDevelopmentExpenses,generalAndAdministrativeExpenses,sellingAndMarketingExpenses,sellingGeneralAndAdministrativeExpenses,otherExpenses,operatingExpenses,costAndExpenses,netInterestIncome,interestIncome,interestExpense,depreciationAndAmortization,ebitda,ebit,nonOperatingIncomeExcludingInterest,operatingIncome,totalOtherIncomeExpensesNet,incomeBeforeTax,incomeTaxExpense,netIncomeFromContinuingOperations,netIncomeFromDiscontinuedOperations,otherAdjustmentsToNetIncome,netIncome,netIncomeDeductions,bottomLineNetIncome,eps,epsDiluted,weightedAverageShsOut,weightedAverageShsOutDil
2020-12-31,BAC,USD,0000070858,2021-02-24,2021-02-24 16:56:31,2020,Q4,21307000000,1261000000,20046000000,0,8807000000,1378000000,10185000000,3742000000,13927000000,15188000000,10253000000,11461000000,1208000000,487000000,6606000000,6119000000,0,6119000000,0,6119000000,649000000,5470000000,0,0,5470000000,0,5208000000,0.6,0.59,8724900000,8785000000
2021-03-31,BAC,USD,0000070858,2021-04-29,2021-04-29 16:24:56,2021,Q1,24019000000,-662000000,24681000000,0,10509000000,1348000000,11857000000,3658000000,15515000000,14853000000,10197000000,11395000000,1198000000,461000000,9627000000,9166000000,0,9166000000,0,9166000000,1116000000,8050000000,0,0,8050000000,0,7560000000,0.87,0.86,8700100000,8755600000
2021-06-30,BAC,USD,0000070858,2021-07-30,2021-07-30 16:26:34,2021,Q2,22620000000,-467000000,23087000000,0,9626000000,1786000000,11412000000,3633000000,15045000000,14578000000,10233000000,11387000000,1154000000,469000000,8511000000,8042000000,0,8042000000,0,8042000000,-1182000000,9224000000,0,0,9224000000,0,8964000000,1.04,1.03,8620800000,8735500000
2021-09-30,BAC,USD,0000070858,2021-10-29,2021-10-29 16:21:01,2021,Q3,24008000000,618000000,23390000000,0,9492000000,1334000000,10826000000,3614000000,14440000000,15058000000,11094000000,12336000000,1242000000,473000000,9423000000,8950000000,0,8950000000,0,8950000000,1259000000,7691000000,0,0,7691000000,0,7260000000,0.86,0.85,8430700000,8492800000
2021-12-31,BAC,USD,0000070858,2022-02-22,2022-02-22 17:15:02,2021,Q4,23204000000,655000000,22549000000,0,9602000000,1352000000,10954000000,3777000000,14731000000,15386000000,11410000000,12554000000,1144000000,495000000,8313000000,7818000000,0,7818000000,0,7818000000,805000000,7013000000,0,0,7013000000,0,6773000000,0.82,0.82,8226500000,8304700000
2022-03-31,BAC,USD,0000070858,2022-04-29,2022-04-29 16:49:28,2022,Q1,24550000000,1352000000,23198000000,0,10239000000,1330000000,11569000000,3750000000,15319000000,16671000000,11572000000,12894000000,1322000000,494000000,8373000000,7879000000,0,7879000000,0,7879000000,812000000,7067000000,0,0,7067000000,0,6600000000,0.81,0.8,8136800000,8202100000
2022-06-30,BAC,USD,0000070858,2022-07-29,2022-07-29 16:24:50,2022,Q2,25219000000,3054000000,22165000000,0,10085000000,1387000000,11472000000,3801000000,15273000000,18327000000,12444000000,14975000000,2531000000,491000000,7383000000,6892000000,0,6892000000,0,6892000000,645000000,6247000000,0,0,6247000000,0,5932000000,0.73,0.73,8121600000,8163100000
2022-09-30,BAC,USD,0000070858,2022-10-28,2022-10-28 16:32:46,2022,Q3,30358000000,6754000000,23604000000,0,10058000000,1397000000,11455000000,3848000000,15303000000,22057000000,13765000000,19621000000,5856000000,491000000,8792000000,8301000000,0,8301000000,0,8301000000,1219000000,7082000000,0,0,7082000000,0,6579000000,0.81,0.81,8107700000,8160800000
2022-12-31,BAC,USD,0000070858,2023-02-22,2023-02-22 16:33:50,2022,Q4,34926000000,11486000000,23440000000,0,10086000000,1364000000,11450000000,4093000000,15543000000,27029000000,14681000000,25075000000,10394000000,502000000,8399000000,7897000000,0,7897000000,0,7897000000,765000000,7132000000,0,0,7132000000,0,6904000000,0.85,0.85,8088300000,8155700000
2023-03-31,BAC,USD,0000070858,2023-05-01,2023-05-01 17:07:42,2023,Q1,40465000000,15138000000,25327000000,0,10857000000,1348000000,12205000000,4033000000,16238000000,31376000000,14448000000,28655000000,14207000000,503000000,9592000000,9089000000,0,9089000000,0,9089000000,928000000,8161000000,0,0,8161000000,0,7656000000,0.95,0.94,8065900000,8182300000
2023-06-30,BAC,USD,0000070858,2023-07-31,2023-07-31 16:49:57,2023,Q2,43393000000,19321000000,24072000000,0,10622000000,1469000000,12091000000,3947000000,16038000000,35359000000,14158000000,32354000000,18196000000,510000000,8544000000,8034000000,0,8034000000,0,8034000000,626000000,7408000000,0,0,7408000000,0,7102000000,0.88,0.88,8040900000,8080700000
2023-09-30,BAC,USD,0000070858,2023-10-31,2023-10-31 16:51:21,2023,Q3,44412000000,20479000000,23933000000,0,10441000000,1381000000,11822000000,4016000000,15838000000,36317000000,14379000000,33624000000,19245000000,517000000,8612000000,8095000000,0,8095000000,0,8095000000,293000000,7802000000,0,0,7802000000,0,7270000000,0.91,0.9,8017100000,8075900000
2023-12-31,BAC,USD,0000070858,2024-02-20,2024-02-20 17:01:30,2023,Q4,43642000000,22787000000,20855000000,0,10260000000,1337000000,11597000000,6134000000,17731000000,40518000000,13946000000,35629000000,21683000000,527000000,3651000000,3124000000,0,3124000000,0,3124000000,-20000000,3144000000,0,0,3144000000,0,2838000000,0.36,0.35,7990900000,8062500000
2024-03-31,BAC,USD,0000070858,2024-04-30,2024-04-30 16:34:12,2024,Q1,48071000000,23572000000,24499000000,0,12472000000,1306000000,13778000000,3459000000,17237000000,40809000000,14032000000,36285000000,22253000000,538000000,7800000000,7262000000,0,7262000000,0,7262000000,588000000,6674000000,0,0,6674000000,0,6142000000,0.77,0.76,7968200000,8031400000
2024-06-30,BAC,USD,0000070858,2024-07-30,2024-07-30 16:31:55,2024,Q2,48529000000,24660000000,23869000000,0,10696000000,1378000000,12074000000,4235000000,16309000000,40969000000,13702000000,36854000000,23152000000,543000000,8103000000,7560000000,0,7560000000,0,7560000000,663000000,6897000000,0,0,6897000000,0,6582000000,0.83,0.83,7897900000,7960900000
2024-09-30,BAC,USD,0000070858,2024-10-29,2024-10-29 16:29:36,2024,Q3,48869000000,25066000000,23803000000,0,10783000000,1353000000,12136000000,4343000000,16479000000,41545000000,13967000000,37491000000,23524000000,549000000,7873000000,7324000000,0,7324000000,0,7324000000,428000000,6896000000,0,0,6896000000,0,6380000000,0.82,0.81,7818000000,7902100000
2024-12-31,BAC,USD,0000070858,2025-02-25,2025-02-25 17:07:15,2024,Q4,46965000000,23070000000,23895000000,0,10922000000,1413000000,12335000000,4452000000,16787000000,39857000000,14359000000,35977000000,21618000000,559000000,7667000000,7108000000,0,7108000000,0,7108000000,443000000,6665000000,0,0,6665000000,0,6399000000,0.83,0.82,7738400000,7843700000
2025-03-31,BAC,USD,0000070858,2025-04-30,2025-04-30 16:47:51,2025,Q1,46989000000,21103000000,25886000000,0,11948000000,1420000000,13368000000,4402000000,17770000000,38873000000,14443000000,34066000000,19623000000,565000000,8681000000,8116000000,0,8116000000,0,8116000000,720000000,7396000000,0,0,7396000000,0,6990000000,0.91,0.9,7677900000,7770800000
2025-06-30,BAC,USD,0000070858,2025-07-31,2025-07-31 16:52:36,2025,Q2,46666000000,21795000000,24871000000,0,14627000000,563000000,15190000000,1993000000,17183000000,38978000000,14670000000,34873000000,20203000000,581000000,8269000000,7688000000,0,7688000000,0,7688000000,572000000,7116000000,0,0,7116000000,0,6825000000,0.9,0.89,7581200000,7651600000
2025-09-30,BAC,USD,0000070858,2025-10-31,2025-10-31 16:36:23,2025,Q3,48221000000,21428000000,26793000000,0,14828000000,572000000,15400000000,1937000000,17337000000,38765000000,15233000000,35366000000,20133000000,584000000,10040000000,9456000000,0,9456000000,0,9456000000,987000000,8469000000,0,0,8469000000,-56000000,8096000000,1.08,1.06,7466000000,7627100000
