[
  {
    "date": "2025-11-02",
    "symbol": "AVGO",
    "reportedCurrency": "USD",
    "cik": "0001730168",
    "filingDate": "2025-12-18",
    "acceptedDate": "2025-12-18 16:04:47",
    "fiscalYear": "2025",
    "period": "Q4",
    "revenue": 18015000000,
    "costOfRevenue": 5766000000,
    "grossProfit": 12249000000,
    "researchAndDevelopmentExpenses": 2981000000,
    "generalAndAdministrativeExpenses": 0,
    "sellingAndMarketingExpenses": 0,
    "sellingGeneralAndAdministrativeExpenses": 1107000000,
    "otherExpenses": 653000000,
    "operatingExpenses": 4741000000,
    "costAndExpenses": 10507000000,
    "netInterestIncome": -761000000,
    "interestIncome": 0,
    "interestExpense": 761000000,
    "depreciationAndAmortization": 2233000000,
    "ebitda": 9863000000,
    "ebit": 7630000000,
    "nonOperatingIncomeExcludingInterest": -122000000,
    "operatingIncome": 7508000000,
    "totalOtherIncomeExpensesNet": -639000000,
    "incomeBeforeTax": 6869000000,
    "incomeTaxExpense": -1649000000,
    "netIncomeFromContinuingOperations": 8518000000,
    "netIncomeFromDiscontinuedOperations": 0,
    "otherAdjustmentsToNetIncome": 0,
    "netIncome": 8518000000,
    "netIncomeDeductions": 0,
    "bottomLineNetIncome": 8518000000,
    "eps": 1.8,
    "epsDiluted": 1.74,
    "weightedAverageShsOut": 4732000000,
    "weightedAverageShsOutDil": 4889000000
  },
  {
    "date": "2025-08-03",
    "symbol": "AVGO",
    "reportedCurrency": "USD",
    "cik": "0001730168",
    "filingDate": "2025-09-10",
    "acceptedDate": "2025-09-10 16:00:41",
    "fiscalYear": "2025",
    "period": "Q3",
    "revenue": 15952000000,
    "costOfRevenue": 5249000000,
    "grossProfit": 10703000000,
    "researchAndDevelopmentExpenses": 3050000000,
    "generalAndAdministrativeExpenses": 0,
    "sellingAndMarketingExpenses": 0,
    "sellingGeneralAndAdministrativeExpenses": 1072000000,
    "otherExpenses": 694000000,
    "operatingExpenses": 4816000000,
    "costAndExpenses": 10065000000,
    "netInterestIncome": -754000000,
    "interestIncome": 0,
    "interestExpense": 754000000,
    "depreciationAndAmortization": 2202000000,
    "ebitda": 8028000000,
    "ebit": 5826000000,
    "nonOperatingIncomeExcludingInterest": 61000000,
    "operatingIncome": 5887000000,
    "totalOtherIncomeExpensesNet": -602000000,
    "incomeBeforeTax": 5285000000,
    "incomeTaxExpense": 1145000000,
    "netIncomeFromContinuingOperations": 4140000000,
    "netIncomeFromDiscontinuedOperations": 0,
    "otherAdjustmentsToNetIncome": 0,
    "netIncome": 4140000000,
    "netIncomeDeductions": 0,
    "bottomLineNetIncome": 4140000000,
    "eps": 0.88,
    "epsDiluted": 0.85,
    "weightedAverageShsOut": 4714000000,
    "weightedAverageShsOutDil": 4860000000
  },
  {
    "date": "2025-05-04",
    "symbol": "AVGO",
    "reportedCurrency": "USD",
    "cik": "0001730168",
    "filingDate": "2025-06-11",
    "acceptedDate": "2025-06-11 16:08:32",
    "fiscalYear": "2025",
    "period": "Q2",
    "revenue": 15004000000,
    "costOfRevenue": 4807000000,
    "grossProfit": 10197000000,
    "researchAndDevelopmentExpenses": 2693000000,
    "generalAndAdministrativeExpenses": 1083000000,
    "sellingAndMarketingExpenses": 0,
    "sellingGeneralAndAdministrativeExpenses": 1083000000,
    "otherExpenses": 592000000,
    "operatingExpenses": 4368000000,
    "costAndExpenses": 9175000000,
    "netInterestIncome": -769000000,
    "interestIncome": 0,
    "interestExpense": 769000000,
    "depreciationAndAmortization": 4340000000,
    "ebitda": 10194000000,
    "ebit": 5854000000,
    "nonOperatingIncomeExcludingInterest": -25000000,
    "operatingIncome": 5829000000,
    "totalOtherIncomeExpensesNet": -744000000,
    "incomeBeforeTax": 5085000000,
    "incomeTaxExpense": 120000000,
    "netIncomeFromContinuingOperations": 4965000000,
    "netIncomeFromDiscontinuedOperations": 0,
    "otherAdjustmentsToNetIncome": 0,
    "netIncome": 4965000000,
    "netIncomeDeductions": 0,
    "bottomLineNetIncome": 4965000000,
    "eps": 1.05,
    "epsDiluted": 1.03,
    "weightedAverageShsOut": 4707000000,
    "weightedAverageShsOutDil": 4826000000
  },
  {
    "date": "2025-02-02",
    "symbol": "AVGO",
    "reportedCurrency": "USD",
    "cik": "0001730168",
    "filingDate": "2025-03-12",
    "acceptedDate": "2025-03-12 16:38:04",
    "fiscalYear": "2025",
    "period": "Q1",
    "revenue": 14916000000,
    "costOfRevenue": 4771000000,
    "grossProfit": 10145000000,
    "researchAndDevelopmentExpenses": 2253000000,
    "generalAndAdministrativeExpenses": 949000000,
    "sellingAndMarketingExpenses": 0,
    "sellingGeneralAndAdministrativeExpenses": 949000000,
    "otherExpenses": 683000000,
    "operatingExpenses": 3885000000,
    "costAndExpenses": 8656000000,
    "netInterestIncome": -873000000,
    "interestIncome": 0,
    "interestExpense": 873000000,
    "depreciationAndAmortization": -103000000,
    "ebitda": 6260000000,
    "ebit": 6363000000,
    "nonOperatingIncomeExcludingInterest": -103000000,
    "operatingIncome": 6260000000,
    "totalOtherIncomeExpensesNet": -770000000,
    "incomeBeforeTax": 5490000000,
    "incomeTaxExpense": -13000000,
    "netIncomeFromContinuingOperations": 5503000000,
    "netIncomeFromDiscontinuedOperations": 0,
    "otherAdjustmentsToNetIncome": 0,
    "netIncome": 5503000000,
    "netIncomeDeductions": 0,
    "bottomLineNetIncome": 5503000000,
    "eps": 1.17,
    "epsDiluted": 1.14,
    "weightedAverageShsOut": 4695000000,
    "weightedAverageShsOutDil": 4836000000
  },
  {
    "date": "2024-11-03",
    "symbol": "AVGO",
    "reportedCurrency": "USD",
    "cik": "0001730168",
    "filingDate": "2024-12-20",
    "acceptedDate": "2024-12-20 17:26:46",
    "fiscalYear": "2024",
    "period": "Q4",
    "revenue": 14054000000,
    "costOfRevenue": 5052000000,
    "grossProfit": 9002000000,
    "researchAndDevelopmentExpenses": 2234000000,
    "generalAndAdministrativeExpenses": 1010000000,
    "sellingAndMarketingExpenses": 0,
    "sellingGeneralAndAdministrativeExpenses": 1010000000,
    "otherExpenses": 1131000000,
    "operatingExpenses": 4375000000,
    "costAndExpenses": 9427000000,
    "netInterestIncome": -864000000,
    "interestIncome": 0,
    "interestExpense": 864000000,
    "depreciationAndAmortization": 2611000000,
    "ebitda": 7290000000,
    "ebit": 4679000000,
    "nonOperatingIncomeExcludingInterest": -52000000,
    "operatingIncome": 4627000000,
    "totalOtherIncomeExpensesNet": -864000000,
    "incomeBeforeTax": 3763000000,
    "incomeTaxExpense": -442000000,
    "netIncomeFromContinuingOperations": 4205000000,
    "netIncomeFromDiscontinuedOperations": 119000000,
    "otherAdjustmentsToNetIncome": 0,
    "netIncome": 4324000000,
    "netIncomeDeductions": 0,
    "bottomLineNetIncome": 4324000000,
    "eps": 0.92,
    "epsDiluted": 0.9,
    "weightedAverageShsOut": 4679000000,
    "weightedAverageShsOutDil": 4828000000
  },
  {
    "date": "2024-08-04",
    "symbol": "AVGO",
    "reportedCurrency": "USD",
    "cik": "0001730168",
    "filingDate": "2024-09-11",
    "acceptedDate": "2024-09-11 16:37:29",
    "fiscalYear": "2024",
    "period": "Q3",
    "revenue": 13072000000,
    "costOfRevenue": 4716000000,
    "grossProfit": 8356000000,
    "researchAndDevelopmentExpenses": 2353000000,
    "generalAndAdministrativeExpenses": 1100000000,
    "sellingAndMarketingExpenses": 0,
    "sellingGeneralAndAdministrativeExpenses": 1100000000,
    "otherExpenses": 1115000000,
    "operatingExpenses": 4568000000,
    "costAndExpenses": 9284000000,
    "netInterestIncome": -1064000000,
    "interestIncome": 0,
    "interestExpense": 1064000000,
    "depreciationAndAmortization": 2524000000,
    "ebitda": 6394000000,
    "ebit": 3870000000,
    "nonOperatingIncomeExcludingInterest": -82000000,
    "operatingIncome": 3788000000,
    "totalOtherIncomeExpensesNet": -982000000,
    "incomeBeforeTax": 2806000000,
    "incomeTaxExpense": 4238000000,
    "netIncomeFromContinuingOperations": -1432000000,
    "netIncomeFromDiscontinuedOperations": -443000000,
    "otherAdjustmentsToNetIncome": 0,
    "netIncome": -1875000000,
    "netIncomeDeductions": 0,
    "bottomLineNetIncome": -1875000000,
    "eps": -0.4,
    "epsDiluted": -0.4,
    "weightedAverageShsOut": 4663000000,
    "weightedAverageShsOutDil": 4663000000
  },
  {
    "date": "2024-05-05",
    "symbol": "AVGO",
    "reportedCurrency": "USD",
    "cik": "0001730168",
    "filingDate": "2024-06-13",
    "acceptedDate": "2024-06-12 20:14:25",
    "fiscalYear": "2024",
    "period": "Q2",
    "revenue": 12487000000,
    "costOfRevenue": 4711000000,
    "grossProfit": 7776000000,
    "researchAndDevelopmentExpenses": 2415000000,
    "generalAndAdministrativeExpenses": 1277000000,
    "sellingAndMarketingExpenses": 0,
    "sellingGeneralAndAdministrativeExpenses": 1277000000,
    "otherExpenses": 1119000000,
    "operatingExpenses": 4811000000,
    "costAndExpenses": 9522000000,
    "netInterestIncome": -1047000000,
    "interestIncome": 0,
    "interestExpense": 1047000000,
    "depreciationAndAmortization": 2530000000,
    "ebitda": 5582000000,
    "ebit": 3052000000,
    "nonOperatingIncomeExcludingInterest": -87000000,
    "operatingIncome": 2965000000,
    "totalOtherIncomeExpensesNet": -960000000,
    "incomeBeforeTax": 2005000000,
    "incomeTaxExpense": -116000000,
    "netIncomeFromContinuingOperations": 2121000000,
    "netIncomeFromDiscontinuedOperations": 0,
    "otherAdjustmentsToNetIncome": 0,
    "netIncome": 2121000000,
    "netIncomeDeductions": 0,
    "bottomLineNetIncome": 2121000000,
    "eps": 0.46,
    "epsDiluted": 0.44,
    "weightedAverageShsOut": 4650000000,
    "weightedAverageShsOutDil": 4800000000
  },
  {
    "date": "2024-02-04",
    "symbol": "AVGO",
    "reportedCurrency": "USD",
    "cik": "0001730168",
    "filingDate": "2024-03-14",
    "acceptedDate": "2024-03-14 16:59:58",
    "fiscalYear": "2024",
    "period": "Q1",
    "revenue": 11961000000,
    "costOfRevenue": 4586000000,
    "grossProfit": 7375000000,
    "researchAndDevelopmentExpenses": 2308000000,
    "generalAndAdministrativeExpenses": 1572000000,
    "sellingAndMarketingExpenses": 0,
    "sellingGeneralAndAdministrativeExpenses": 1572000000,
    "otherExpenses": 1412000000,
    "operatingExpenses": 5292000000,
    "costAndExpenses": 9878000000,
    "netInterestIncome": -926000000,
    "interestIncome": 0,
    "interestExpense": 926000000,
    "depreciationAndAmortization": 2345000000,
    "ebitda": 4613000000,
    "ebit": 2268000000,
    "nonOperatingIncomeExcludingInterest": -185000000,
    "operatingIncome": 2083000000,
    "totalOtherIncomeExpensesNet": -741000000,
    "incomeBeforeTax": 1342000000,
    "incomeTaxExpense": 68000000,
    "netIncomeFromContinuingOperations": 1274000000,
    "netIncomeFromDiscontinuedOperations": 51000000,
    "otherAdjustmentsToNetIncome": 0,
    "netIncome": 1325000000,
    "netIncomeDeductions": 0,
    "bottomLineNetIncome": 1325000000,
    "eps": 0.29,
    "epsDiluted": 0.28,
    "weightedAverageShsOut": 4520000000,
    "weightedAverageShsOutDil": 4670000000
  },
  {
    "date": "2023-10-29",
    "symbol": "AVGO",
    "reportedCurrency": "USD",
    "cik": "0001730168",
    "filingDate": "2023-12-14",
    "acceptedDate": "2023-12-14 16:54:05",
    "fiscalYear": "2023",
    "period": "Q4",
    "revenue": 9295000000,
    "costOfRevenue": 2888000000,
    "grossProfit": 6407000000,
    "researchAndDevelopmentExpenses": 1388000000,
    "generalAndAdministrativeExpenses": 418000000,
    "sellingAndMarketingExpenses": 0,
    "sellingGeneralAndAdministrativeExpenses": 418000000,
    "otherExpenses": 348000000,
    "operatingExpenses": 2154000000,
    "costAndExpenses": 5042000000,
    "netInterestIncome": -405000000,
    "interestIncome": 0,
    "interestExpense": 405000000,
    "depreciationAndAmortization": 932000000,
    "ebitda": 5304000000,
    "ebit": 4372000000,
    "nonOperatingIncomeExcludingInterest": -132000000,
    "operatingIncome": 4240000000,
    "totalOtherIncomeExpensesNet": -273000000,
    "incomeBeforeTax": 3967000000,
    "incomeTaxExpense": 443000000,
    "netIncomeFromContinuingOperations": 3524000000,
    "netIncomeFromDiscontinuedOperations": 0,
    "otherAdjustmentsToNetIncome": 0,
    "netIncome": 3524000000,
    "netIncomeDeductions": 0,
    "bottomLineNetIncome": 3524000000,
    "eps": 0.85,
    "epsDiluted": 0.83,
    "weightedAverageShsOut": 4130000000,
    "weightedAverageShsOutDil": 4270000000
  },
  {
    "date": "2023-07-30",
    "symbol": "AVGO",
    "reportedCurrency": "USD",
    "cik": "0001730168",
    "filingDate": "2023-09-06",
    "acceptedDate": "2023-09-06 16:16:18",
    "fiscalYear": "2023",
    "period": "Q3",
    "revenue": 8876000000,
    "costOfRevenue": 2712000000,
    "grossProfit": 6164000000,
    "researchAndDevelopmentExpenses": 1358000000,
    "generalAndAdministrativeExpenses": 388000000,
    "sellingAndMarketingExpenses": 0,
    "sellingGeneralAndAdministrativeExpenses": 388000000,
    "otherExpenses": 562000000,
    "operatingExpenses": 2308000000,
    "costAndExpenses": 5020000000,
    "netInterestIncome": -406000000,
    "interestIncome": 0,
    "interestExpense": 406000000,
    "depreciationAndAmortization": 932000000,
    "ebitda": 4912000000,
    "ebit": 3980000000,
    "nonOperatingIncomeExcludingInterest": -124000000,
    "operatingIncome": 3856000000,
    "totalOtherIncomeExpensesNet": -282000000,
    "incomeBeforeTax": 3574000000,
    "incomeTaxExpense": 271000000,
    "netIncomeFromContinuingOperations": 3303000000,
    "netIncomeFromDiscontinuedOperations": 0,
    "otherAdjustmentsToNetIncome": 0,
    "netIncome": 3303000000,
    "netIncomeDeductions": 0,
    "bottomLineNetIncome": 3303000000,
    "eps": 0.8,
    "epsDiluted": 0.77,
    "weightedAverageShsOut": 4130000000,
    "weightedAverageShsOutDil": 4270000000
  },
  {
    "date": "2023-04-30",
    "symbol": "AVGO",
    "reportedCurrency": "USD",
    "cik": "0001730168",
    "filingDate": "2023-06-07",
    "acceptedDate": "2023-06-07 16:22:00",
    "fiscalYear": "2023",
    "period": "Q2",
    "revenue": 8733000000,
    "costOfRevenue": 2618000000,
    "grossProfit": 6115000000,
    "researchAndDevelopmentExpenses": 1312000000,
    "generalAndAdministrativeExpenses": 438000000,
    "sellingAndMarketingExpenses": 0,
    "sellingGeneralAndAdministrativeExpenses": 438000000,
    "otherExpenses": 348000000,
    "operatingExpenses": 2098000000,
    "costAndExpenses": 4716000000,
    "netInterestIncome": -405000000,
    "interestIncome": 0,
    "interestExpense": 405000000,
    "depreciationAndAmortization": 939000000,
    "ebitda": 5060000000,
    "ebit": 4121000000,
    "nonOperatingIncomeExcludingInterest": -113000000,
    "operatingIncome": 4008000000,
    "totalOtherIncomeExpensesNet": -292000000,
    "incomeBeforeTax": 3716000000,
    "incomeTaxExpense": 235000000,
    "netIncomeFromContinuingOperations": 3481000000,
    "netIncomeFromDiscontinuedOperations": 0,
    "otherAdjustmentsToNetIncome": 0,
    "netIncome": 3481000000,
    "netIncomeDeductions": 0,
    "bottomLineNetIncome": 3481000000,
    "eps": 0.84,
    "epsDiluted": 0.82,
    "weightedAverageShsOut": 4150000000,
    "weightedAverageShsOutDil": 4270000000
  },
  {
    "date": "2023-01-29",
    "symbol": "AVGO",
    "reportedCurrency": "USD",
    "cik": "0001730168",
    "filingDate": "2023-03-08",
    "acceptedDate": "2023-03-08 16:10:18",
    "fiscalYear": "2023",
    "period": "Q1",
    "revenue": 8915000000,
    "costOfRevenue": 2911000000,
    "grossProfit": 6004000000,
    "researchAndDevelopmentExpenses": 1195000000,
    "generalAndAdministrativeExpenses": 348000000,
    "sellingAndMarketingExpenses": 0,
    "sellingGeneralAndAdministrativeExpenses": 348000000,
    "otherExpenses": 358000000,
    "operatingExpenses": 1901000000,
    "costAndExpenses": 4812000000,
    "netInterestIncome": -406000000,
    "interestIncome": 0,
    "interestExpense": 406000000,
    "depreciationAndAmortization": 1032000000,
    "ebitda": 5278000000,
    "ebit": 4246000000,
    "nonOperatingIncomeExcludingInterest": -143000000,
    "operatingIncome": 4103000000,
    "totalOtherIncomeExpensesNet": -263000000,
    "incomeBeforeTax": 3840000000,
    "incomeTaxExpense": 66000000,
    "netIncomeFromContinuingOperations": 3774000000,
    "netIncomeFromDiscontinuedOperations": 0,
    "otherAdjustmentsToNetIncome": 0,
    "netIncome": 3774000000,
    "netIncomeDeductions": 0,
    "bottomLineNetIncome": 3774000000,
    "eps": 0.9,
    "epsDiluted": 0.88,
    "weightedAverageShsOut": 4180000000,
    "weightedAverageShsOutDil": 4290000000
  },
  {
    "date": "2022-10-30",
    "symbol": "AVGO",
    "reportedCurrency": "USD",
    "cik": "0001730168",
    "filingDate": "2022-12-16",
    "acceptedDate": "2022-12-16 16:21:52",
    "fiscalYear": "2022",
    "period": "Q4",
    "revenue": 8930000000,
    "costOfRevenue": 3004000000,
    "grossProfit": 5926000000,
    "researchAndDevelopmentExpenses": 1197000000,
    "generalAndAdministrativeExpenses": 370000000,
    "sellingAndMarketingExpenses": 0,
    "sellingGeneralAndAdministrativeExpenses": 370000000,
    "otherExpenses": 358000000,
    "operatingExpenses": 1925000000,
    "costAndExpenses": 4929000000,
    "netInterestIncome": -406000000,
    "interestIncome": 0,
    "interestExpense": 406000000,
    "depreciationAndAmortization": 1216000000,
    "ebitda": 5242000000,
    "ebit": 4026000000,
    "nonOperatingIncomeExcludingInterest": -40000000,
    "operatingIncome": 3986000000,
    "totalOtherIncomeExpensesNet": -366000000,
    "incomeBeforeTax": 3620000000,
    "incomeTaxExpense": 261000000,
    "netIncomeFromContinuingOperations": 3359000000,
    "netIncomeFromDiscontinuedOperations": 0,
    "otherAdjustmentsToNetIncome": 0,
    "netIncome": 3359000000,
    "netIncomeDeductions": 0,
    "bottomLineNetIncome": 3311000000,
    "eps": 0.81,
    "epsDiluted": 0.77,
    "weightedAverageShsOut": 4110000000,
    "weightedAverageShsOutDil": 4290000000
  },
  {
    "date": "2022-07-31",
    "symbol": "AVGO",
    "reportedCurrency": "USD",
    "cik": "0001730168",
    "filingDate": "2022-07-31",
    "acceptedDate": "2022-07-31 00:00:00",
    "fiscalYear": "2022",
    "period": "Q3",
    "revenue": 8464000000,
    "costOfRevenue": 2783000000,
    "grossProfit": 5681000000,
    "researchAndDevelopmentExpenses": 1255000000,
    "generalAndAdministrativeExpenses": 323000000,
    "sellingAndMarketingExpenses": 0,
    "sellingGeneralAndAdministrativeExpenses": 323000000,
    "otherExpenses": 359000000,
    "operatingExpenses": 1937000000,
    "costAndExpenses": 4720000000,
    "netInterestIncome": -406000000,
    "interestIncome": 0,
    "interestExpense": 406000000,
    "depreciationAndAmortization": 1217000000,
    "ebitda": 4960000000,
    "ebit": 3743000000,
    "nonOperatingIncomeExcludingInterest": -6000000,
    "operatingIncome": 3737000000,
    "totalOtherIncomeExpensesNet": -400000000,
    "incomeBeforeTax": 3337000000,
    "incomeTaxExpense": 263000000,
    "netIncomeFromContinuingOperations": 3074000000,
    "netIncomeFromDiscontinuedOperations": 0,
    "otherAdjustmentsToNetIncome": 0,
    "netIncome": 3074000000,
    "netIncomeDeductions": 0,
    "bottomLineNetIncome": 2999000000,
    "eps": 0.74,
    "epsDiluted": 0.7,
    "weightedAverageShsOut": 4060150000,
    "weightedAverageShsOutDil": 4310777000
  },
  {
    "date": "2022-05-01",
    "symbol": "AVGO",
    "reportedCurrency": "USD",
    "cik": "0001730168",
    "filingDate": "2022-06-09",
    "acceptedDate": "2022-06-09 16:12:03",
    "fiscalYear": "2022",
    "period": "Q2",
    "revenue": 8103000000,
    "costOfRevenue": 2664000000,
    "grossProfit": 5439000000,
    "researchAndDevelopmentExpenses": 1261000000,
    "generalAndAdministrativeExpenses": 368000000,
    "sellingAndMarketingExpenses": 0,
    "sellingGeneralAndAdministrativeExpenses": 368000000,
    "otherExpenses": 398000000,
    "operatingExpenses": 2027000000,
    "costAndExpenses": 4691000000,
    "netInterestIncome": -518000000,
    "interestIncome": 0,
    "interestExpense": 518000000,
    "depreciationAndAmortization": 1264000000,
    "ebitda": 4572000000,
    "ebit": 3308000000,
    "nonOperatingIncomeExcludingInterest": 105000000,
    "operatingIncome": 3413000000,
    "totalOtherIncomeExpensesNet": -623000000,
    "incomeBeforeTax": 2790000000,
    "incomeTaxExpense": 200000000,
    "netIncomeFromContinuingOperations": 2590000000,
    "netIncomeFromDiscontinuedOperations": 0,
    "otherAdjustmentsToNetIncome": 0,
    "netIncome": 2590000000,
    "netIncomeDeductions": 0,
    "bottomLineNetIncome": 2515000000,
    "eps": 0.62,
    "epsDiluted": 0.59,
    "weightedAverageShsOut": 4090225000,
    "weightedAverageShsOutDil": 4250626000
  },
  {
    "date": "2022-01-30",
    "symbol": "AVGO",
    "reportedCurrency": "USD",
    "cik": "0001730168",
    "filingDate": "2022-03-10",
    "acceptedDate": "2022-03-10 16:31:23",
    "fiscalYear": "2022",
    "period": "Q1",
    "revenue": 7706000000,
    "costOfRevenue": 2657000000,
    "grossProfit": 5049000000,
    "researchAndDevelopmentExpenses": 1206000000,
    "generalAndAdministrativeExpenses": 321000000,
    "sellingAndMarketingExpenses": 0,
    "sellingGeneralAndAdministrativeExpenses": 321000000,
    "otherExpenses": 397000000,
    "operatingExpenses": 1924000000,
    "costAndExpenses": 4581000000,
    "netInterestIncome": -407000000,
    "interestIncome": 0,
    "interestExpense": 407000000,
    "depreciationAndAmortization": 1287000000,
    "ebitda": 4381000000,
    "ebit": 3094000000,
    "nonOperatingIncomeExcludingInterest": 33000000,
    "operatingIncome": 3127000000,
    "totalOtherIncomeExpensesNet": -440000000,
    "incomeBeforeTax": 2687000000,
    "incomeTaxExpense": 215000000,
    "netIncomeFromContinuingOperations": 2472000000,
    "netIncomeFromDiscontinuedOperations": 0,
    "otherAdjustmentsToNetIncome": 0,
    "netIncome": 2472000000,
    "netIncomeDeductions": 0,
    "bottomLineNetIncome": 2398000000,
    "eps": 0.58,
    "epsDiluted": 0.56,
    "weightedAverageShsOut": 4120000000,
    "weightedAverageShsOutDil": 4290000000
  },
  {
    "date": "2021-10-31",
    "symbol": "AVGO",
    "reportedCurrency": "USD",
    "cik": "0001730168",
    "filingDate": "2021-12-17",
    "acceptedDate": "2021-12-17 16:42:51",
    "fiscalYear": "2021",
    "period": "Q4",
    "revenue": 7407000000,
    "costOfRevenue": 2769000000,
    "grossProfit": 4638000000,
    "researchAndDevelopmentExpenses": 1200000000,
    "generalAndAdministrativeExpenses": 337000000,
    "sellingAndMarketingExpenses": 0,
    "sellingGeneralAndAdministrativeExpenses": 337000000,
    "otherExpenses": 520000000,
    "operatingExpenses": 2057000000,
    "costAndExpenses": 4826000000,
    "netInterestIncome": -411000000,
    "interestIncome": 0,
    "interestExpense": 411000000,
    "depreciationAndAmortization": 1501000000,
    "ebitda": 4104000000,
    "ebit": 2603000000,
    "nonOperatingIncomeExcludingInterest": -22000000,
    "operatingIncome": 2581000000,
    "totalOtherIncomeExpensesNet": -412000000,
    "incomeBeforeTax": 2169000000,
    "incomeTaxExpense": 180000000,
    "netIncomeFromContinuingOperations": 1989000000,
    "netIncomeFromDiscontinuedOperations": 0,
    "otherAdjustmentsToNetIncome": 0,
    "netIncome": 1989000000,
    "netIncomeDeductions": 0,
    "bottomLineNetIncome": 1914000000,
    "eps": 0.46,
    "epsDiluted": 0.45,
    "weightedAverageShsOut": 4130326000,
    "weightedAverageShsOutDil": 4310777000
  },
  {
    "date": "2021-08-01",
    "symbol": "AVGO",
    "reportedCurrency": "USD",
    "cik": "0001730168",
    "filingDate": "2021-09-09",
    "acceptedDate": "2021-09-09 16:19:53",
    "fiscalYear": "2021",
    "period": "Q3",
    "revenue": 6778000000,
    "costOfRevenue": 2581000000,
    "grossProfit": 4197000000,
    "researchAndDevelopmentExpenses": 1205000000,
    "generalAndAdministrativeExpenses": 346000000,
    "sellingAndMarketingExpenses": 0,
    "sellingGeneralAndAdministrativeExpenses": 346000000,
    "otherExpenses": 520000000,
    "operatingExpenses": 2071000000,
    "costAndExpenses": 4652000000,
    "netInterestIncome": -415000000,
    "interestIncome": 0,
    "interestExpense": 415000000,
    "depreciationAndAmortization": 1503000000,
    "ebitda": 3644000000,
    "ebit": 2141000000,
    "nonOperatingIncomeExcludingInterest": -15000000,
    "operatingIncome": 2126000000,
    "totalOtherIncomeExpensesNet": -400000000,
    "incomeBeforeTax": 1726000000,
    "incomeTaxExpense": -150000000,
    "netIncomeFromContinuingOperations": 1876000000,
    "netIncomeFromDiscontinuedOperations": 0,
    "otherAdjustmentsToNetIncome": 0,
    "netIncome": 1876000000,
    "netIncomeDeductions": 0,
    "bottomLineNetIncome": 1802000000,
    "eps": 0.44,
    "epsDiluted": 0.42,
    "weightedAverageShsOut": 4120301000,
    "weightedAverageShsOutDil": 4300752000
  },
  {
    "date": "2021-05-02",
    "symbol": "AVGO",
    "reportedCurrency": "USD",
    "cik": "0001730168",
    "filingDate": "2021-06-11",
    "acceptedDate": "2021-06-11 15:22:26",
    "fiscalYear": "2021",
    "period": "Q2",
    "revenue": 6610000000,
    "costOfRevenue": 2553000000,
    "grossProfit": 4057000000,
    "researchAndDevelopmentExpenses": 1238000000,
    "generalAndAdministrativeExpenses": 325000000,
    "sellingAndMarketingExpenses": 0,
    "sellingGeneralAndAdministrativeExpenses": 325000000,
    "otherExpenses": 519000000,
    "operatingExpenses": 2082000000,
    "costAndExpenses": 4635000000,
    "netInterestIncome": -466000000,
    "interestIncome": 0,
    "interestExpense": 466000000,
    "depreciationAndAmortization": 1504000000,
    "ebitda": 3456000000,
    "ebit": 1952000000,
    "nonOperatingIncomeExcludingInterest": 23000000,
    "operatingIncome": 1975000000,
    "totalOtherIncomeExpensesNet": -489000000,
    "incomeBeforeTax": 1486000000,
    "incomeTaxExpense": -7000000,
    "netIncomeFromContinuingOperations": 1493000000,
    "netIncomeFromDiscontinuedOperations": 0,
    "otherAdjustmentsToNetIncome": 0,
    "netIncome": 1493000000,
    "netIncomeDeductions": 0,
    "bottomLineNetIncome": 1417000000,
    "eps": 0.35,
    "epsDiluted": 0.33,
    "weightedAverageShsOut": 4100251000,
    "weightedAverageShsOutDil": 4300752000
  },
  {
    "date": "2021-01-31",
    "symbol": "AVGO",
    "reportedCurrency": "USD",
    "cik": "0001730168",
    "filingDate": "2021-03-12",
    "acceptedDate": "2021-03-12 16:37:52",
    "fiscalYear": "2021",
    "period": "Q1",
    "revenue": 6655000000,
    "costOfRevenue": 2703000000,
    "grossProfit": 3952000000,
    "researchAndDevelopmentExpenses": 1211000000,
    "generalAndAdministrativeExpenses": 339000000,
    "sellingAndMarketingExpenses": 0,
    "sellingGeneralAndAdministrativeExpenses": 339000000,
    "otherExpenses": 565000000,
    "operatingExpenses": 2115000000,
    "costAndExpenses": 4818000000,
    "netInterestIncome": -570000000,
    "interestIncome": 0,
    "interestExpense": 570000000,
    "depreciationAndAmortization": 1533000000,
    "ebitda": 3487000000,
    "ebit": 1954000000,
    "nonOperatingIncomeExcludingInterest": -117000000,
    "operatingIncome": 1837000000,
    "totalOtherIncomeExpensesNet": -453000000,
    "incomeBeforeTax": 1384000000,
    "incomeTaxExpense": 6000000,
    "netIncomeFromContinuingOperations": 1378000000,
    "netIncomeFromDiscontinuedOperations": 0,
    "otherAdjustmentsToNetIncome": 0,
    "netIncome": 1378000000,
    "netIncomeDeductions": 0,
    "bottomLineNetIncome": 1304000000,
    "eps": 0.32,
    "epsDiluted": 0.3,
    "weightedAverageShsOut": 4080200000,
    "weightedAverageShsOutDil": 4290727000
  },
  {
    "date": "2020-11-01",
    "symbol": "AVGO",
    "reportedCurrency": "USD",
    "cik": "0001730168",
    "filingDate": "2020-12-18",
    "acceptedDate": "2020-12-18 17:07:10",
    "fiscalYear": "2020",
    "period": "Q4",
    "revenue": 6467000000,
    "costOfRevenue": 2720000000,
    "grossProfit": 3747000000,
    "researchAndDevelopmentExpenses": 1182000000,
    "generalAndAdministrativeExpenses": 405000000,
    "sellingAndMarketingExpenses": 0,
    "sellingGeneralAndAdministrativeExpenses": 405000000,
    "otherExpenses": 634000000,
    "operatingExpenses": 2221000000,
    "costAndExpenses": 4941000000,
    "netInterestIncome": -420000000,
    "interestIncome": 0,
    "interestExpense": 420000000,
    "depreciationAndAmortization": 1728000000,
    "ebitda": 3285000000,
    "ebit": 1557000000,
    "nonOperatingIncomeExcludingInterest": -31000000,
    "operatingIncome": 1526000000,
    "totalOtherIncomeExpensesNet": -389000000,
    "incomeBeforeTax": 1137000000,
    "incomeTaxExpense": -187000000,
    "netIncomeFromContinuingOperations": 1324000000,
    "netIncomeFromDiscontinuedOperations": 0,
    "otherAdjustmentsToNetIncome": 0,
    "netIncome": 1324000000,
    "netIncomeDeductions": 0,
    "bottomLineNetIncome": 1250000000,
    "eps": 0.31,
    "epsDiluted": 0.29,
    "weightedAverageShsOut": 4060150000,
    "weightedAverageShsOutDil": 4270677000
  },
  {
    "date": "2020-08-02",
    "symbol": "AVGO",
    "reportedCurrency": "USD",
    "cik": "0001730168",
    "filingDate": "2020-09-11",
    "acceptedDate": "2020-09-11 16:17:04",
    "fiscalYear": "2020",
    "period": "Q3",
    "revenue": 5821000000,
    "costOfRevenue": 2505000000,
    "grossProfit": 3316000000,
    "researchAndDevelopmentExpenses": 1228000000,
    "generalAndAdministrativeExpenses": 428000000,
    "sellingAndMarketingExpenses": 0,
    "sellingGeneralAndAdministrativeExpenses": 428000000,
    "otherExpenses": 652000000,
    "operatingExpenses": 2308000000,
    "costAndExpenses": 4813000000,
    "netInterestIncome": -464000000,
    "interestIncome": 0,
    "interestExpense": 464000000,
    "depreciationAndAmortization": 1719000000,
    "ebitda": 2776000000,
    "ebit": 1057000000,
    "nonOperatingIncomeExcludingInterest": -49000000,
    "operatingIncome": 1008000000,
    "totalOtherIncomeExpensesNet": -415000000,
    "incomeBeforeTax": 593000000,
    "incomeTaxExpense": -96000000,
    "netIncomeFromContinuingOperations": 689000000,
    "netIncomeFromDiscontinuedOperations": -1000000,
    "otherAdjustmentsToNetIncome": 0,
    "netIncome": 688000000,
    "netIncomeDeductions": 0,
    "bottomLineNetIncome": 614000000,
    "eps": 0.15,
    "epsDiluted": 0.15,
    "weightedAverageShsOut": 4030000000,
    "weightedAverageShsOutDil": 4220000000
  },
  {
    "date": "2020-05-03",
    "symbol": "AVGO",
    "reportedCurrency": "USD",
    "cik": "0001730168",
    "filingDate": "2020-06-12",
    "acceptedDate": "2020-06-12 16:42:26",
    "fiscalYear": "2020",
    "period": "Q2",
    "revenue": 5742000000,
    "costOfRevenue": 2553000000,
    "grossProfit": 3189000000,
    "researchAndDevelopmentExpenses": 1269000000,
    "generalAndAdministrativeExpenses": 501000000,
    "sellingAndMarketingExpenses": 0,
    "sellingGeneralAndAdministrativeExpenses": 501000000,
    "otherExpenses": 653000000,
    "operatingExpenses": 2423000000,
    "costAndExpenses": 4976000000,
    "netInterestIncome": -487000000,
    "interestIncome": 0,
    "interestExpense": 487000000,
    "depreciationAndAmortization": 1730000000,
    "ebitda": 2626000000,
    "ebit": 896000000,
    "nonOperatingIncomeExcludingInterest": -130000000,
    "operatingIncome": 766000000,
    "totalOtherIncomeExpensesNet": -357000000,
    "incomeBeforeTax": 409000000,
    "incomeTaxExpense": -159000000,
    "netIncomeFromContinuingOperations": 568000000,
    "netIncomeFromDiscontinuedOperations": -5000000,
    "otherAdjustmentsToNetIncome": 0,
    "netIncome": 563000000,
    "netIncomeDeductions": 0,
    "bottomLineNetIncome": 488000000,
    "eps": 0.12,
    "epsDiluted": 0.12,
    "weightedAverageShsOut": 4010000000,
    "weightedAverageShsOutDil": 4170000000
  },
  {
    "date": "2020-02-02",
    "symbol": "AVGO",
    "reportedCurrency": "USD",
    "cik": "0001730168",
    "filingDate": "2020-03-13",
    "acceptedDate": "2020-03-13 17:12:50",
    "fiscalYear": "2020",
    "period": "Q1",
    "revenue": 5858000000,
    "costOfRevenue": 2594000000,
    "grossProfit": 3264000000,
    "researchAndDevelopmentExpenses": 1289000000,
    "generalAndAdministrativeExpenses": 601000000,
    "sellingAndMarketingExpenses": 0,
    "sellingGeneralAndAdministrativeExpenses": 601000000,
    "otherExpenses": 660000000,
    "operatingExpenses": 2550000000,
    "costAndExpenses": 5144000000,
    "netInterestIncome": -406000000,
    "interestIncome": 0,
    "interestExpense": 406000000,
    "depreciationAndAmortization": 1728000000,
    "ebitda": 2438000000,
    "ebit": 710000000,
    "nonOperatingIncomeExcludingInterest": 4000000,
    "operatingIncome": 714000000,
    "totalOtherIncomeExpensesNet": -410000000,
    "incomeBeforeTax": 304000000,
    "incomeTaxExpense": -76000000,
    "netIncomeFromContinuingOperations": 380000000,
    "netIncomeFromDiscontinuedOperations": 5000000,
    "otherAdjustmentsToNetIncome": 0,
    "netIncome": 385000000,
    "netIncomeDeductions": 0,
    "bottomLineNetIncome": 311000000,
    "eps": 0.078,
    "epsDiluted": 0.074,
    "weightedAverageShsOut": 3980000000,
    "weightedAverageShsOutDil": 4200000000
  },
  {
    "date": "2019-11-03",
    "symbol": "AVGO",
    "reportedCurrency": "USD",
    "cik": "0001730168",
    "filingDate": "2019-12-20",
    "acceptedDate": "2019-12-20 16:10:06",
    "fiscalYear": "2019",
    "period": "Q4",
    "revenue": 5776000000,
    "costOfRevenue": 2624000000,
    "grossProfit": 3152000000,
    "researchAndDevelopmentExpenses": 1177000000,
    "generalAndAdministrativeExpenses": 409000000,
    "sellingAndMarketingExpenses": 0,
    "sellingGeneralAndAdministrativeExpenses": 409000000,
    "otherExpenses": 512000000,
    "operatingExpenses": 2098000000,
    "costAndExpenses": 4722000000,
    "netInterestIncome": -361000000,
    "interestIncome": 0,
    "interestExpense": 361000000,
    "depreciationAndAmortization": 1452000000,
    "ebitda": 2560000000,
    "ebit": 1108000000,
    "nonOperatingIncomeExcludingInterest": -54000000,
    "operatingIncome": 1054000000,
    "totalOtherIncomeExpensesNet": -307000000,
    "incomeBeforeTax": 747000000,
    "incomeTaxExpense": -100000000,
    "netIncomeFromContinuingOperations": 847000000,
    "netIncomeFromDiscontinuedOperations": 0,
    "otherAdjustmentsToNetIncome": 0,
    "netIncome": 847000000,
    "netIncomeDeductions": 0,
    "bottomLineNetIncome": 818000000,
    "eps": 0.21,
    "epsDiluted": 0.2,
    "weightedAverageShsOut": 3970000000,
    "weightedAverageShsOutDil": 4160000000
  },
  {
    "date": "2019-08-04",
    "symbol": "AVGO",
    "reportedCurrency": "USD",
    "cik": "0001730168",
    "filingDate": "2019-09-13",
    "acceptedDate": "2019-09-13 16:39:17",
    "fiscalYear": "2019",
    "period": "Q3",
    "revenue": 5515000000,
    "costOfRevenue": 2481000000,
    "grossProfit": 3034000000,
    "researchAndDevelopmentExpenses": 1235000000,
    "generalAndAdministrativeExpenses": 410000000,
    "sellingAndMarketingExpenses": 0,
    "sellingGeneralAndAdministrativeExpenses": 410000000,
    "otherExpenses": 524000000,
    "operatingExpenses": 2169000000,
    "costAndExpenses": 4650000000,
    "netInterestIncome": -362000000,
    "interestIncome": 0,
    "interestExpense": 362000000,
    "depreciationAndAmortization": 1450000000,
    "ebitda": 2356000000,
    "ebit": 906000000,
    "nonOperatingIncomeExcludingInterest": -41000000,
    "operatingIncome": 865000000,
    "totalOtherIncomeExpensesNet": -321000000,
    "incomeBeforeTax": 544000000,
    "incomeTaxExpense": -171000000,
    "netIncomeFromContinuingOperations": 715000000,
    "netIncomeFromDiscontinuedOperations": 0,
    "otherAdjustmentsToNetIncome": 0,
    "netIncome": 715000000,
    "netIncomeDeductions": 0,
    "bottomLineNetIncome": 715000000,
    "eps": 0.18,
    "epsDiluted": 0.17,
    "weightedAverageShsOut": 3980000000,
    "weightedAverageShsOutDil": 4180000000
  },
  {
    "date": "2019-05-05",
    "symbol": "AVGO",
    "reportedCurrency": "USD",
    "cik": "0001730168",
    "filingDate": "2019-06-14",
    "acceptedDate": "2019-06-14 17:01:50",
    "fiscalYear": "2019",
    "period": "Q2",
    "revenue": 5517000000,
    "costOfRevenue": 2428000000,
    "grossProfit": 3089000000,
    "researchAndDevelopmentExpenses": 1151000000,
    "generalAndAdministrativeExpenses": 419000000,
    "sellingAndMarketingExpenses": 0,
    "sellingGeneralAndAdministrativeExpenses": 419000000,
    "otherExpenses": 549000000,
    "operatingExpenses": 2119000000,
    "costAndExpenses": 4547000000,
    "netInterestIncome": -376000000,
    "interestIncome": 0,
    "interestExpense": 376000000,
    "depreciationAndAmortization": 1447000000,
    "ebitda": 2480000000,
    "ebit": 1033000000,
    "nonOperatingIncomeExcludingInterest": -63000000,
    "operatingIncome": 970000000,
    "totalOtherIncomeExpensesNet": -313000000,
    "incomeBeforeTax": 657000000,
    "incomeTaxExpense": -36000000,
    "netIncomeFromContinuingOperations": 693000000,
    "netIncomeFromDiscontinuedOperations": -2000000,
    "otherAdjustmentsToNetIncome": 0,
    "netIncome": 691000000,
    "netIncomeDeductions": 0,
    "bottomLineNetIncome": 691000000,
    "eps": 0.17,
    "epsDiluted": 0.16,
    "weightedAverageShsOut": 3970000000,
    "weightedAverageShsOutDil": 4220000000
  },
  {
    "date": "2019-02-03",
    "symbol": "AVGO",
    "reportedCurrency": "USD",
    "cik": "0001730168",
    "filingDate": "2019-03-15",
    "acceptedDate": "2019-03-15 16:58:40",
    "fiscalYear": "2019",
    "period": "Q1",
    "revenue": 5789000000,
    "costOfRevenue": 2581000000,
    "grossProfit": 3208000000,
    "researchAndDevelopmentExpenses": 1133000000,
    "generalAndAdministrativeExpenses": 471000000,
    "sellingAndMarketingExpenses": 0,
    "sellingGeneralAndAdministrativeExpenses": 471000000,
    "otherExpenses": 1049000000,
    "operatingExpenses": 2653000000,
    "costAndExpenses": 5234000000,
    "netInterestIncome": -345000000,
    "interestIncome": 0,
    "interestExpense": 345000000,
    "depreciationAndAmortization": 1459000000,
    "ebitda": 2082000000,
    "ebit": 623000000,
    "nonOperatingIncomeExcludingInterest": -68000000,
    "operatingIncome": 555000000,
    "totalOtherIncomeExpensesNet": -277000000,
    "incomeBeforeTax": 278000000,
    "incomeTaxExpense": -203000000,
    "netIncomeFromContinuingOperations": 481000000,
    "netIncomeFromDiscontinuedOperations": -10000000,
    "otherAdjustmentsToNetIncome": 0,
    "netIncome": 471000000,
    "netIncomeDeductions": 0,
    "bottomLineNetIncome": 471000000,
    "eps": 0.12,
    "epsDiluted": 0.11,
    "weightedAverageShsOut": 4010000000,
    "weightedAverageShsOutDil": 4190000000
  },
  {
    "date": "2018-11-04",
    "symbol": "AVGO",
    "reportedCurrency": "USD",
    "cik": "0001730168",
    "filingDate": "2018-12-21",
    "acceptedDate": "2018-12-21 17:17:50",
    "fiscalYear": "2018",
    "period": "Q4",
    "revenue": 5444000000,
    "costOfRevenue": 2509000000,
    "grossProfit": 2935000000,
    "researchAndDevelopmentExpenses": 948000000,
    "generalAndAdministrativeExpenses": 237000000,
    "sellingAndMarketingExpenses": 0,
    "sellingGeneralAndAdministrativeExpenses": 237000000,
    "otherExpenses": 98000000,
    "operatingExpenses": 1283000000,
    "costAndExpenses": 3792000000,
    "netInterestIncome": -34000000,
    "interestIncome": 114000000,
    "interestExpense": 148000000,
    "depreciationAndAmortization": 968000000,
    "ebitda": 2538000000,
    "ebit": 1570000000,
    "nonOperatingIncomeExcludingInterest": 82000000,
    "operatingIncome": 1652000000,
    "totalOtherIncomeExpensesNet": -230000000,
    "incomeBeforeTax": 1422000000,
    "incomeTaxExpense": 307000000,
    "netIncomeFromContinuingOperations": 1115000000,
    "netIncomeFromDiscontinuedOperations": 0,
    "otherAdjustmentsToNetIncome": 0,
    "netIncome": 1115000000,
    "netIncomeDeductions": 0,
    "bottomLineNetIncome": 1115000000,
    "eps": 0.27,
    "epsDiluted": 0.26,
    "weightedAverageShsOut": 4120000000,
    "weightedAverageShsOutDil": 4230000000
  },
  {
    "date": "2018-08-05",
    "symbol": "AVGO",
    "reportedCurrency": "USD",
    "cik": "0001730168",
    "filingDate": "2018-09-13",
    "acceptedDate": "2018-09-13 16:08:44",
    "fiscalYear": "2018",
    "period": "Q3",
    "revenue": 5063000000,
    "costOfRevenue": 2444000000,
    "grossProfit": 2619000000,
    "researchAndDevelopmentExpenses": 959000000,
    "generalAndAdministrativeExpenses": 234000000,
    "sellingAndMarketingExpenses": 0,
    "sellingGeneralAndAdministrativeExpenses": 234000000,
    "otherExpenses": 87000000,
    "operatingExpenses": 1280000000,
    "costAndExpenses": 3724000000,
    "netInterestIncome": -149000000,
    "interestIncome": 0,
    "interestExpense": 149000000,
    "depreciationAndAmortization": 965000000,
    "ebitda": 2343000000,
    "ebit": 1378000000,
    "nonOperatingIncomeExcludingInterest": -39000000,
    "operatingIncome": 1339000000,
    "totalOtherIncomeExpensesNet": -110000000,
    "incomeBeforeTax": 1229000000,
    "incomeTaxExpense": 32000000,
    "netIncomeFromContinuingOperations": 1197000000,
    "netIncomeFromDiscontinuedOperations": -1000000,
    "otherAdjustmentsToNetIncome": 0,
    "netIncome": 1196000000,
    "netIncomeDeductions": 0,
    "bottomLineNetIncome": 1196000000,
    "eps": 0.28,
    "epsDiluted": 0.27,
    "weightedAverageShsOut": 4300000000,
    "weightedAverageShsOutDil": 4410000000
  },
  {
    "date": "2018-05-06",
    "symbol": "AVGO",
    "reportedCurrency": "USD",
    "cik": "0001730168",
    "filingDate": "2018-06-14",
    "acceptedDate": "2018-06-14 16:44:41",
    "fiscalYear": "2018",
    "period": "Q2",
    "revenue": 5014000000,
    "costOfRevenue": 2463000000,
    "grossProfit": 2551000000,
    "researchAndDevelopmentExpenses": 936000000,
    "generalAndAdministrativeExpenses": 294000000,
    "sellingAndMarketingExpenses": 0,
    "sellingGeneralAndAdministrativeExpenses": 294000000,
    "otherExpenses": 120000000,
    "operatingExpenses": 1350000000,
    "costAndExpenses": 3813000000,
    "netInterestIncome": -148000000,
    "interestIncome": 0,
    "interestExpense": 148000000,
    "depreciationAndAmortization": 964000000,
    "ebitda": 2211000000,
    "ebit": 1247000000,
    "nonOperatingIncomeExcludingInterest": -46000000,
    "operatingIncome": 1201000000,
    "totalOtherIncomeExpensesNet": -102000000,
    "incomeBeforeTax": 1099000000,
    "incomeTaxExpense": -2637000000,
    "netIncomeFromContinuingOperations": 3736000000,
    "netIncomeFromDiscontinuedOperations": -3000000,
    "otherAdjustmentsToNetIncome": 0,
    "netIncome": 3718000000,
    "netIncomeDeductions": 0,
    "bottomLineNetIncome": 3718000000,
    "eps": 0.88,
    "epsDiluted": 0.83,
    "weightedAverageShsOut": 4210000000,
    "weightedAverageShsOutDil": 4480000000
  },
  {
    "date": "2018-01-31",
    "symbol": "AVGO",
    "reportedCurrency": "USD",
    "cik": "0001730168",
    "filingDate": "2018-01-31",
    "acceptedDate": "2018-01-31 00:00:00",
    "fiscalYear": "2018",
    "period": "Q1",
    "revenue": 5327000000,
    "costOfRevenue": 2699000000,
    "grossProfit": 2628000000,
    "researchAndDevelopmentExpenses": 925000000,
    "generalAndAdministrativeExpenses": 291000000,
    "sellingAndMarketingExpenses": 0,
    "sellingGeneralAndAdministrativeExpenses": 291000000,
    "otherExpenses": 469000000,
    "operatingExpenses": 1685000000,
    "costAndExpenses": 4384000000,
    "netInterestIncome": -183000000,
    "interestIncome": 0,
    "interestExpense": 183000000,
    "depreciationAndAmortization": 1184000000,
    "ebitda": 2162000000,
    "ebit": 978000000,
    "nonOperatingIncomeExcludingInterest": -35000000,
    "operatingIncome": 943000000,
    "totalOtherIncomeExpensesNet": -148000000,
    "incomeBeforeTax": 795000000,
    "incomeTaxExpense": -5786000000,
    "netIncomeFromContinuingOperations": 6581000000,
    "netIncomeFromDiscontinuedOperations": -15000000,
    "otherAdjustmentsToNetIncome": 0,
    "netIncome": 6230000000,
    "netIncomeDeductions": 0,
    "bottomLineNetIncome": 6230000000,
    "eps": 1.52,
    "epsDiluted": 1.46,
    "weightedAverageShsOut": 4100000000,
    "weightedAverageShsOutDil": 4260000000
  },
  {
    "date": "2017-10-31",
    "symbol": "AVGO",
    "reportedCurrency": "USD",
    "cik": "0001730168",
    "filingDate": "2017-10-31",
    "acceptedDate": "2017-10-31 00:00:00",
    "fiscalYear": "2017",
    "period": "Q4",
    "revenue": 4844000000,
    "costOfRevenue": 2461000000,
    "grossProfit": 2383000000,
    "researchAndDevelopmentExpenses": 828000000,
    "generalAndAdministrativeExpenses": 182000000,
    "sellingAndMarketingExpenses": 0,
    "sellingGeneralAndAdministrativeExpenses": 182000000,
    "otherExpenses": 618000000,
    "operatingExpenses": 1628000000,
    "costAndExpenses": 4089000000,
    "netInterestIncome": -119000000,
    "interestIncome": 0,
    "interestExpense": 119000000,
    "depreciationAndAmortization": 1219000000,
    "ebitda": 1983000000,
    "ebit": 764000000,
    "nonOperatingIncomeExcludingInterest": -9000000,
    "operatingIncome": 755000000,
    "totalOtherIncomeExpensesNet": -110000000,
    "incomeBeforeTax": 645000000,
    "incomeTaxExpense": 89000000,
    "netIncomeFromContinuingOperations": 556000000,
    "netIncomeFromDiscontinuedOperations": 5000000,
    "otherAdjustmentsToNetIncome": 0,
    "netIncome": 532000000,
    "netIncomeDeductions": 63000000,
    "bottomLineNetIncome": 469000000,
    "eps": 0.13,
    "epsDiluted": 0.11,
    "weightedAverageShsOut": 4080000000,
    "weightedAverageShsOutDil": 4240000000
  },
  {
    "date": "2017-07-31",
    "symbol": "AVGO",
    "reportedCurrency": "USD",
    "cik": "0001730168",
    "filingDate": "2017-07-31",
    "acceptedDate": "2017-07-31 00:00:00",
    "fiscalYear": "2017",
    "period": "Q3",
    "revenue": 4463000000,
    "costOfRevenue": 2314000000,
    "grossProfit": 2149000000,
    "researchAndDevelopmentExpenses": 827000000,
    "generalAndAdministrativeExpenses": 200000000,
    "sellingAndMarketingExpenses": 0,
    "sellingGeneralAndAdministrativeExpenses": 200000000,
    "otherExpenses": 474000000,
    "operatingExpenses": 1501000000,
    "costAndExpenses": 3815000000,
    "netInterestIncome": -112000000,
    "interestIncome": 0,
    "interestExpense": 112000000,
    "depreciationAndAmortization": 1211000000,
    "ebitda": 1871000000,
    "ebit": 660000000,
    "nonOperatingIncomeExcludingInterest": -12000000,
    "operatingIncome": 648000000,
    "totalOtherIncomeExpensesNet": -100000000,
    "incomeBeforeTax": 548000000,
    "incomeTaxExpense": 39000000,
    "netIncomeFromContinuingOperations": 509000000,
    "netIncomeFromDiscontinuedOperations": -2000000,
    "otherAdjustmentsToNetIncome": 0,
    "netIncome": 481000000,
    "netIncomeDeductions": 0,
    "bottomLineNetIncome": 481000000,
    "eps": 0.12,
    "epsDiluted": 0.11,
    "weightedAverageShsOut": 4070000000,
    "weightedAverageShsOutDil": 4450000000
  },
  {
    "date": "2017-04-30",
    "symbol": "AVGO",
    "reportedCurrency": "USD",
    "cik": "0001730168",
    "filingDate": "2017-04-30",
    "acceptedDate": "2017-04-30 00:00:00",
    "fiscalYear": "2017",
    "period": "Q2",
    "revenue": 4190000000,
    "costOfRevenue": 2214000000,
    "grossProfit": 1976000000,
    "researchAndDevelopmentExpenses": 829000000,
    "generalAndAdministrativeExpenses": 204000000,
    "sellingAndMarketingExpenses": 0,
    "sellingGeneralAndAdministrativeExpenses": 204000000,
    "otherExpenses": 469000000,
    "operatingExpenses": 1502000000,
    "costAndExpenses": 3716000000,
    "netInterestIncome": -112000000,
    "interestIncome": 0,
    "interestExpense": 112000000,
    "depreciationAndAmortization": 1193000000,
    "ebitda": 1670000000,
    "ebit": 477000000,
    "nonOperatingIncomeExcludingInterest": -3000000,
    "operatingIncome": 474000000,
    "totalOtherIncomeExpensesNet": -109000000,
    "incomeBeforeTax": 365000000,
    "incomeTaxExpense": -103000000,
    "netIncomeFromContinuingOperations": 468000000,
    "netIncomeFromDiscontinuedOperations": -4000000,
    "otherAdjustmentsToNetIncome": 0,
    "netIncome": 440000000,
    "netIncomeDeductions": -24000000,
    "bottomLineNetIncome": 464000000,
    "eps": 0.11,
    "epsDiluted": 0.1,
    "weightedAverageShsOut": 4030000000,
    "weightedAverageShsOutDil": 4420000000
  },
  {
    "date": "2017-01-31",
    "symbol": "AVGO",
    "reportedCurrency": "USD",
    "cik": "0001730168",
    "filingDate": "2017-01-31",
    "acceptedDate": "2017-01-31 00:00:00",
    "fiscalYear": "2017",
    "period": "Q1",
    "revenue": 4139000000,
    "costOfRevenue": 2138000000,
    "grossProfit": 2001000000,
    "researchAndDevelopmentExpenses": 808000000,
    "generalAndAdministrativeExpenses": 201000000,
    "sellingAndMarketingExpenses": 0,
    "sellingGeneralAndAdministrativeExpenses": 201000000,
    "otherExpenses": 486000000,
    "operatingExpenses": 1495000000,
    "costAndExpenses": 3633000000,
    "netInterestIncome": -111000000,
    "interestIncome": 0,
    "interestExpense": 111000000,
    "depreciationAndAmortization": 1114000000,
    "ebitda": 1492000000,
    "ebit": 378000000,
    "nonOperatingIncomeExcludingInterest": 128000000,
    "operatingIncome": 506000000,
    "totalOtherIncomeExpensesNet": -239000000,
    "incomeBeforeTax": 267000000,
    "incomeTaxExpense": 10000000,
    "netIncomeFromContinuingOperations": 257000000,
    "netIncomeFromDiscontinuedOperations": -5000000,
    "otherAdjustmentsToNetIncome": 0,
    "netIncome": 239000000,
    "netIncomeDeductions": 0,
    "bottomLineNetIncome": 239000000,
    "eps": 0.06,
    "epsDiluted": 0.0544,
    "weightedAverageShsOut": 3990000000,
    "weightedAverageShsOutDil": 4390000000
  },
  {
    "date": "2016-10-31",
    "symbol": "AVGO",
    "reportedCurrency": "USD",
    "cik": "0001730168",
    "filingDate": "2016-10-31",
    "acceptedDate": "2016-10-31 00:00:00",
    "fiscalYear": "2016",
    "period": "Q4",
    "revenue": 4136000000,
    "costOfRevenue": 1965000000,
    "grossProfit": 2171000000,
    "researchAndDevelopmentExpenses": 806000000,
    "generalAndAdministrativeExpenses": 224000000,
    "sellingAndMarketingExpenses": 0,
    "sellingGeneralAndAdministrativeExpenses": 224000000,
    "otherExpenses": 760000000,
    "operatingExpenses": 1790000000,
    "costAndExpenses": 3755000000,
    "netInterestIncome": -96000000,
    "interestIncome": 10000000,
    "interestExpense": 106000000,
    "depreciationAndAmortization": 700000000,
    "ebitda": 1041000000,
    "ebit": 341000000,
    "nonOperatingIncomeExcludingInterest": 40000000,
    "operatingIncome": 381000000,
    "totalOtherIncomeExpensesNet": -146000000,
    "incomeBeforeTax": 235000000,
    "incomeTaxExpense": 841000000,
    "netIncomeFromContinuingOperations": -606000000,
    "netIncomeFromDiscontinuedOperations": -62000000,
    "otherAdjustmentsToNetIncome": 0,
    "netIncome": -632000000,
    "netIncomeDeductions": 0,
    "bottomLineNetIncome": -632000000,
    "eps": -0.16,
    "epsDiluted": -0.15,
    "weightedAverageShsOut": 3980000000,
    "weightedAverageShsOutDil": 4210000000
  },
  {
    "date": "2016-07-31",
    "symbol": "AVGO",
    "reportedCurrency": "USD",
    "cik": "0001730168",
    "filingDate": "2016-07-31",
    "acceptedDate": "2016-07-31 00:00:00",
    "fiscalYear": "2016",
    "period": "Q3",
    "revenue": 3792000000,
    "costOfRevenue": 2010000000,
    "grossProfit": 1782000000,
    "researchAndDevelopmentExpenses": 814000000,
    "generalAndAdministrativeExpenses": 230000000,
    "sellingAndMarketingExpenses": 0,
    "sellingGeneralAndAdministrativeExpenses": 230000000,
    "otherExpenses": 1002000000,
    "operatingExpenses": 2046000000,
    "costAndExpenses": 4056000000,
    "netInterestIncome": -139000000,
    "interestIncome": 0,
    "interestExpense": 139000000,
    "depreciationAndAmortization": 1058000000,
    "ebitda": 777000000,
    "ebit": -281000000,
    "nonOperatingIncomeExcludingInterest": 17000000,
    "operatingIncome": -264000000,
    "totalOtherIncomeExpensesNet": -156000000,
    "incomeBeforeTax": -420000000,
    "incomeTaxExpense": -117000000,
    "netIncomeFromContinuingOperations": -303000000,
    "netIncomeFromDiscontinuedOperations": -12000000,
    "otherAdjustmentsToNetIncome": 0,
    "netIncome": -298000000,
    "netIncomeDeductions": 17000000,
    "bottomLineNetIncome": -315000000,
    "eps": -0.0753,
    "epsDiluted": -0.075,
    "weightedAverageShsOut": 3960000000,
    "weightedAverageShsOutDil": 4190000000
  },
  {
    "date": "2016-04-30",
    "symbol": "AVGO",
    "reportedCurrency": "USD",
    "cik": "0001730168",
    "filingDate": "2016-04-30",
    "acceptedDate": "2016-04-30 00:00:00",
    "fiscalYear": "2016",
    "period": "Q2",
    "revenue": 3541000000,
    "costOfRevenue": 2495000000,
    "grossProfit": 1046000000,
    "researchAndDevelopmentExpenses": 787000000,
    "generalAndAdministrativeExpenses": 238000000,
    "sellingAndMarketingExpenses": 0,
    "sellingGeneralAndAdministrativeExpenses": 238000000,
    "otherExpenses": 1022000000,
    "operatingExpenses": 2047000000,
    "costAndExpenses": 4542000000,
    "netInterestIncome": -256000000,
    "interestIncome": 0,
    "interestExpense": 256000000,
    "depreciationAndAmortization": 1040000000,
    "ebitda": -20000000,
    "ebit": -1060000000,
    "nonOperatingIncomeExcludingInterest": 59000000,
    "operatingIncome": -1001000000,
    "totalOtherIncomeExpensesNet": -315000000,
    "incomeBeforeTax": -1316000000,
    "incomeTaxExpense": -99000000,
    "netIncomeFromContinuingOperations": -1217000000,
    "netIncomeFromDiscontinuedOperations": -38000000,
    "otherAdjustmentsToNetIncome": 0,
    "netIncome": -1186000000,
    "netIncomeDeductions": 0,
    "bottomLineNetIncome": -1186000000,
    "eps": -0.3,
    "epsDiluted": -0.3,
    "weightedAverageShsOut": 3920000000,
    "weightedAverageShsOutDil": 4150000000
  },
  {
    "date": "2016-01-31",
    "symbol": "AVGO",
    "reportedCurrency": "USD",
    "cik": "0001730168",
    "filingDate": "2016-01-31",
    "acceptedDate": "2016-01-31 00:00:00",
    "fiscalYear": "2016",
    "period": "Q1",
    "revenue": 1771000000,
    "costOfRevenue": 830000000,
    "grossProfit": 941000000,
    "researchAndDevelopmentExpenses": 267000000,
    "generalAndAdministrativeExpenses": 114000000,
    "sellingAndMarketingExpenses": 0,
    "sellingGeneralAndAdministrativeExpenses": 114000000,
    "otherExpenses": 85000000,
    "operatingExpenses": 466000000,
    "costAndExpenses": 1296000000,
    "netInterestIncome": -84000000,
    "interestIncome": 0,
    "interestExpense": 84000000,
    "depreciationAndAmortization": 244000000,
    "ebitda": 722000000,
    "ebit": 478000000,
    "nonOperatingIncomeExcludingInterest": -3000000,
    "operatingIncome": 475000000,
    "totalOtherIncomeExpensesNet": -81000000,
    "incomeBeforeTax": 394000000,
    "incomeTaxExpense": 17000000,
    "netIncomeFromContinuingOperations": 377000000,
    "netIncomeFromDiscontinuedOperations": 0,
    "otherAdjustmentsToNetIncome": 0,
    "netIncome": 377000000,
    "netIncomeDeductions": 0,
    "bottomLineNetIncome": 377000000,
    "eps": 0.14,
    "epsDiluted": 0.13,
    "weightedAverageShsOut": 2770000000,
    "weightedAverageShsOutDil": 2890000000
  },
  {
    "date": "2015-10-31",
    "symbol": "AVGO",
    "reportedCurrency": "USD",
    "cik": "0001730168",
    "filingDate": "2015-10-31",
    "acceptedDate": "2015-10-31 00:00:00",
    "fiscalYear": "2015",
    "period": "Q4",
    "revenue": 1840000000,
    "costOfRevenue": 843000000,
    "grossProfit": 997000000,
    "researchAndDevelopmentExpenses": 287000000,
    "generalAndAdministrativeExpenses": 118000000,
    "sellingAndMarketingExpenses": 0,
    "sellingGeneralAndAdministrativeExpenses": 118000000,
    "otherExpenses": 78000000,
    "operatingExpenses": 483000000,
    "costAndExpenses": 1326000000,
    "netInterestIncome": -33000000,
    "interestIncome": 8000000,
    "interestExpense": 41000000,
    "depreciationAndAmortization": 250000000,
    "ebitda": 776000000,
    "ebit": 526000000,
    "nonOperatingIncomeExcludingInterest": -12000000,
    "operatingIncome": 514000000,
    "totalOtherIncomeExpensesNet": -29000000,
    "incomeBeforeTax": 485000000,
    "incomeTaxExpense": 15000000,
    "netIncomeFromContinuingOperations": 470000000,
    "netIncomeFromDiscontinuedOperations": -41000000,
    "otherAdjustmentsToNetIncome": 0,
    "netIncome": 429000000,
    "netIncomeDeductions": 0,
    "bottomLineNetIncome": 429000000,
    "eps": 0.16,
    "epsDiluted": 0.15,
    "weightedAverageShsOut": 2760000000,
    "weightedAverageShsOutDil": 2870000000
  },
  {
    "date": "2015-07-31",
    "symbol": "AVGO",
    "reportedCurrency": "USD",
    "cik": "0001730168",
    "filingDate": "2015-07-31",
    "acceptedDate": "2015-07-31 00:00:00",
    "fiscalYear": "2015",
    "period": "Q3",
    "revenue": 1735000000,
    "costOfRevenue": 851000000,
    "grossProfit": 884000000,
    "researchAndDevelopmentExpenses": 276000000,
    "generalAndAdministrativeExpenses": 143000000,
    "sellingAndMarketingExpenses": 0,
    "sellingGeneralAndAdministrativeExpenses": 143000000,
    "otherExpenses": 166000000,
    "operatingExpenses": 585000000,
    "costAndExpenses": 1436000000,
    "netInterestIncome": -43000000,
    "interestIncome": 0,
    "interestExpense": 43000000,
    "depreciationAndAmortization": 256000000,
    "ebitda": 566000000,
    "ebit": 310000000,
    "nonOperatingIncomeExcludingInterest": -11000000,
    "operatingIncome": 299000000,
    "totalOtherIncomeExpensesNet": -32000000,
    "incomeBeforeTax": 267000000,
    "incomeTaxExpense": 23000000,
    "netIncomeFromContinuingOperations": 244000000,
    "netIncomeFromDiscontinuedOperations": -4000000,
    "otherAdjustmentsToNetIncome": 0,
    "netIncome": 240000000,
    "netIncomeDeductions": 0,
    "bottomLineNetIncome": 240000000,
    "eps": 0.091,
    "epsDiluted": 0.084,
    "weightedAverageShsOut": 2650000000,
    "weightedAverageShsOutDil": 2870000000
  },
  {
    "date": "2015-04-30",
    "symbol": "AVGO",
    "reportedCurrency": "USD",
    "cik": "0001730168",
    "filingDate": "2015-04-30",
    "acceptedDate": "2015-04-30 00:00:00",
    "fiscalYear": "2015",
    "period": "Q2",
    "revenue": 1614000000,
    "costOfRevenue": 768000000,
    "grossProfit": 846000000,
    "researchAndDevelopmentExpenses": 251000000,
    "generalAndAdministrativeExpenses": 108000000,
    "sellingAndMarketingExpenses": 0,
    "sellingGeneralAndAdministrativeExpenses": 108000000,
    "otherExpenses": 69000000,
    "operatingExpenses": 428000000,
    "costAndExpenses": 1196000000,
    "netInterestIncome": -53000000,
    "interestIncome": 0,
    "interestExpense": 53000000,
    "depreciationAndAmortization": 230000000,
    "ebitda": 647000000,
    "ebit": 417000000,
    "nonOperatingIncomeExcludingInterest": 1000000,
    "operatingIncome": 418000000,
    "totalOtherIncomeExpensesNet": -54000000,
    "incomeBeforeTax": 364000000,
    "incomeTaxExpense": 25000000,
    "netIncomeFromContinuingOperations": 339000000,
    "netIncomeFromDiscontinuedOperations": 5000000,
    "otherAdjustmentsToNetIncome": 0,
    "netIncome": 344000000,
    "netIncomeDeductions": 0,
    "bottomLineNetIncome": 339000000,
    "eps": 0.13,
    "epsDiluted": 0.12,
    "weightedAverageShsOut": 2580000000,
    "weightedAverageShsOutDil": 2840000000
  },
  {
    "date": "2015-01-31",
    "symbol": "AVGO",
    "reportedCurrency": "USD",
    "cik": "0001730168",
    "filingDate": "2015-01-31",
    "acceptedDate": "2015-01-31 00:00:00",
    "fiscalYear": "2015",
    "period": "Q1",
    "revenue": 1635000000,
    "costOfRevenue": 809000000,
    "grossProfit": 826000000,
    "researchAndDevelopmentExpenses": 235000000,
    "generalAndAdministrativeExpenses": 117000000,
    "sellingAndMarketingExpenses": 0,
    "sellingGeneralAndAdministrativeExpenses": 117000000,
    "otherExpenses": 73000000,
    "operatingExpenses": 425000000,
    "costAndExpenses": 1234000000,
    "netInterestIncome": -54000000,
    "interestIncome": 0,
    "interestExpense": 54000000,
    "depreciationAndAmortization": 226000000,
    "ebitda": 631000000,
    "ebit": 405000000,
    "nonOperatingIncomeExcludingInterest": -4000000,
    "operatingIncome": 401000000,
    "totalOtherIncomeExpensesNet": -50000000,
    "incomeBeforeTax": 351000000,
    "incomeTaxExpense": 13000000,
    "netIncomeFromContinuingOperations": 338000000,
    "netIncomeFromDiscontinuedOperations": 13000000,
    "otherAdjustmentsToNetIncome": 0,
    "netIncome": 351000000,
    "netIncomeDeductions": 0,
    "bottomLineNetIncome": 351000000,
    "eps": 0.14,
    "epsDiluted": 0.13,
    "weightedAverageShsOut": 2550000000,
    "weightedAverageShsOutDil": 2780000000
  },
  {
    "date": "2014-10-31",
    "symbol": "AVGO",
    "reportedCurrency": "USD",
    "cik": "0001730168",
    "filingDate": "2014-10-31",
    "acceptedDate": "2014-10-31 00:00:00",
    "fiscalYear": "2014",
    "period": "Q4",
    "revenue": 1590000000,
    "costOfRevenue": 802000000,
    "grossProfit": 788000000,
    "researchAndDevelopmentExpenses": 234000000,
    "generalAndAdministrativeExpenses": 129000000,
    "sellingAndMarketingExpenses": 0,
    "sellingGeneralAndAdministrativeExpenses": 129000000,
    "otherExpenses": 124000000,
    "operatingExpenses": 487000000,
    "costAndExpenses": 1289000000,
    "netInterestIncome": -48000000,
    "interestIncome": 6000000,
    "interestExpense": 54000000,
    "depreciationAndAmortization": 250000000,
    "ebitda": 567000000,
    "ebit": 317000000,
    "nonOperatingIncomeExcludingInterest": -16000000,
    "operatingIncome": 301000000,
    "totalOtherIncomeExpensesNet": -38000000,
    "incomeBeforeTax": 263000000,
    "incomeTaxExpense": 126000000,
    "netIncomeFromContinuingOperations": 137000000,
    "netIncomeFromDiscontinuedOperations": -2000000,
    "otherAdjustmentsToNetIncome": 0,
    "netIncome": 135000000,
    "netIncomeDeductions": 0,
    "bottomLineNetIncome": 135000000,
    "eps": 0.053,
    "epsDiluted": 0.05,
    "weightedAverageShsOut": 2540000000,
    "weightedAverageShsOutDil": 2720000000
  },
  {
    "date": "2014-07-31",
    "symbol": "AVGO",
    "reportedCurrency": "USD",
    "cik": "0001730168",
    "filingDate": "2014-07-31",
    "acceptedDate": "2014-07-31 00:00:00",
    "fiscalYear": "2014",
    "period": "Q3",
    "revenue": 1269000000,
    "costOfRevenue": 876000000,
    "grossProfit": 393000000,
    "researchAndDevelopmentExpenses": 240000000,
    "generalAndAdministrativeExpenses": 137000000,
    "sellingAndMarketingExpenses": 0,
    "sellingGeneralAndAdministrativeExpenses": 137000000,
    "otherExpenses": 178000000,
    "operatingExpenses": 555000000,
    "costAndExpenses": 1431000000,
    "netInterestIncome": -55000000,
    "interestIncome": 0,
    "interestExpense": 55000000,
    "depreciationAndAmortization": 257000000,
    "ebitda": 93000000,
    "ebit": -164000000,
    "nonOperatingIncomeExcludingInterest": 2000000,
    "operatingIncome": -162000000,
    "totalOtherIncomeExpensesNet": -57000000,
    "incomeBeforeTax": -219000000,
    "incomeTaxExpense": -99000000,
    "netIncomeFromContinuingOperations": -120000000,
    "netIncomeFromDiscontinuedOperations": -44000000,
    "otherAdjustmentsToNetIncome": 0,
    "netIncome": -164000000,
    "netIncomeDeductions": 0,
    "bottomLineNetIncome": -164000000,
    "eps": -0.0656,
    "epsDiluted": -0.0651,
    "weightedAverageShsOut": 2500000000,
    "weightedAverageShsOutDil": 2520000000
  },
  {
    "date": "2014-04-30",
    "symbol": "AVGO",
    "reportedCurrency": "USD",
    "cik": "0001730168",
    "filingDate": "2014-04-30",
    "acceptedDate": "2014-04-30 00:00:00",
    "fiscalYear": "2014",
    "period": "Q2",
    "revenue": 701000000,
    "costOfRevenue": 344000000,
    "grossProfit": 357000000,
    "researchAndDevelopmentExpenses": 114000000,
    "generalAndAdministrativeExpenses": 67000000,
    "sellingAndMarketingExpenses": 0,
    "sellingGeneralAndAdministrativeExpenses": 67000000,
    "otherExpenses": 16000000,
    "operatingExpenses": 197000000,
    "costAndExpenses": 541000000,
    "netInterestIncome": -1000000,
    "interestIncome": 0,
    "interestExpense": 1000000,
    "depreciationAndAmortization": 61000000,
    "ebitda": 221000000,
    "ebit": 160000000,
    "nonOperatingIncomeExcludingInterest": 0,
    "operatingIncome": 160000000,
    "totalOtherIncomeExpensesNet": -1000000,
    "incomeBeforeTax": 159000000,
    "incomeTaxExpense": 1000000,
    "netIncomeFromContinuingOperations": 158000000,
    "netIncomeFromDiscontinuedOperations": 0,
    "otherAdjustmentsToNetIncome": 0,
    "netIncome": 158000000,
    "netIncomeDeductions": 0,
    "bottomLineNetIncome": 158000000,
    "eps": 0.063,
    "epsDiluted": 0.061,
    "weightedAverageShsOut": 2510000000,
    "weightedAverageShsOutDil": 2580000000
  },
  {
    "date": "2014-01-31",
    "symbol": "AVGO",
    "reportedCurrency": "USD",
    "cik": "0001730168",
    "filingDate": "2014-01-31",
    "acceptedDate": "2014-01-31 00:00:00",
    "fiscalYear": "2014",
    "period": "Q1",
    "revenue": 709000000,
    "costOfRevenue": 370000000,
    "grossProfit": 339000000,
    "researchAndDevelopmentExpenses": 107000000,
    "generalAndAdministrativeExpenses": 74000000,
    "sellingAndMarketingExpenses": 0,
    "sellingGeneralAndAdministrativeExpenses": 74000000,
    "otherExpenses": 19000000,
    "operatingExpenses": 200000000,
    "costAndExpenses": 570000000,
    "netInterestIncome": 0,
    "interestIncome": 0,
    "interestExpense": 24000000,
    "depreciationAndAmortization": 57000000,
    "ebitda": 196000000,
    "ebit": 139000000,
    "nonOperatingIncomeExcludingInterest": 0,
    "operatingIncome": 139000000,
    "totalOtherIncomeExpensesNet": 0,
    "incomeBeforeTax": 139000000,
    "incomeTaxExpense": 5000000,
    "netIncomeFromContinuingOperations": 134000000,
    "netIncomeFromDiscontinuedOperations": 0,
    "otherAdjustmentsToNetIncome": 0,
    "netIncome": 134000000,
    "netIncomeDeductions": 0,
    "bottomLineNetIncome": 134000000,
    "eps": 0.054,
    "epsDiluted": 0.053,
    "weightedAverageShsOut": 2490000000,
    "weightedAverageShsOutDil": 2550000000
  },
  {
    "date": "2013-10-31",
    "symbol": "AVGO",
    "reportedCurrency": "USD",
    "cik": "0001730168",
    "filingDate": "2013-10-31",
    "acceptedDate": "2013-10-31 00:00:00",
    "fiscalYear": "2013",
    "period": "Q4",
    "revenue": 738000000,
    "costOfRevenue": 392000000,
    "grossProfit": 346000000,
    "researchAndDevelopmentExpenses": 109000000,
    "generalAndAdministrativeExpenses": 60000000,
    "sellingAndMarketingExpenses": 0,
    "sellingGeneralAndAdministrativeExpenses": 60000000,
    "otherExpenses": 7000000,
    "operatingExpenses": 176000000,
    "costAndExpenses": 568000000,
    "netInterestIncome": 4000000,
    "interestIncome": 4000000,
    "interestExpense": 0,
    "depreciationAndAmortization": 58000000,
    "ebitda": 237000000,
    "ebit": 179000000,
    "nonOperatingIncomeExcludingInterest": -9000000,
    "operatingIncome": 170000000,
    "totalOtherIncomeExpensesNet": 10000000,
    "incomeBeforeTax": 180000000,
    "incomeTaxExpense": 8000000,
    "netIncomeFromContinuingOperations": 172000000,
    "netIncomeFromDiscontinuedOperations": 0,
    "otherAdjustmentsToNetIncome": 0,
    "netIncome": 172000000,
    "netIncomeDeductions": 0,
    "bottomLineNetIncome": 172000000,
    "eps": 0.0694,
    "epsDiluted": 0.068,
    "weightedAverageShsOut": 2480000000,
    "weightedAverageShsOutDil": 2530000000
  },
  {
    "date": "2013-07-31",
    "symbol": "AVGO",
    "reportedCurrency": "USD",
    "cik": "0001730168",
    "filingDate": "2013-07-31",
    "acceptedDate": "2013-07-31 00:00:00",
    "fiscalYear": "2013",
    "period": "Q3",
    "revenue": 644000000,
    "costOfRevenue": 340000000,
    "grossProfit": 304000000,
    "researchAndDevelopmentExpenses": 101000000,
    "generalAndAdministrativeExpenses": 57000000,
    "sellingAndMarketingExpenses": 0,
    "sellingGeneralAndAdministrativeExpenses": 57000000,
    "otherExpenses": 6000000,
    "operatingExpenses": 164000000,
    "costAndExpenses": 504000000,
    "netInterestIncome": -1000000,
    "interestIncome": 0,
    "interestExpense": 1000000,
    "depreciationAndAmortization": 46000000,
    "ebitda": 191000000,
    "ebit": 145000000,
    "nonOperatingIncomeExcludingInterest": -5000000,
    "operatingIncome": 140000000,
    "totalOtherIncomeExpensesNet": 4000000,
    "incomeBeforeTax": 144000000,
    "incomeTaxExpense": 2000000,
    "netIncomeFromContinuingOperations": 142000000,
    "netIncomeFromDiscontinuedOperations": 0,
    "otherAdjustmentsToNetIncome": 0,
    "netIncome": 142000000,
    "netIncomeDeductions": 0,
    "bottomLineNetIncome": 142000000,
    "eps": 0.0573,
    "epsDiluted": 0.056,
    "weightedAverageShsOut": 2480000000,
    "weightedAverageShsOutDil": 2520000000
  },
  {
    "date": "2013-04-30",
    "symbol": "AVGO",
    "reportedCurrency": "USD",
    "cik": "0001730168",
    "filingDate": "2013-04-30",
    "acceptedDate": "2013-04-30 00:00:00",
    "fiscalYear": "2013",
    "period": "Q2",
    "revenue": 562000000,
    "costOfRevenue": 290000000,
    "grossProfit": 272000000,
    "researchAndDevelopmentExpenses": 95000000,
    "generalAndAdministrativeExpenses": 52000000,
    "sellingAndMarketingExpenses": 0,
    "sellingGeneralAndAdministrativeExpenses": 52000000,
    "otherExpenses": 6000000,
    "operatingExpenses": 153000000,
    "costAndExpenses": 443000000,
    "netInterestIncome": -1000000,
    "interestIncome": 0,
    "interestExpense": 1000000,
    "depreciationAndAmortization": 42000000,
    "ebitda": 161000000,
    "ebit": 119000000,
    "nonOperatingIncomeExcludingInterest": -1000000,
    "operatingIncome": 118000000,
    "totalOtherIncomeExpensesNet": -1000000,
    "incomeBeforeTax": 118000000,
    "incomeTaxExpense": 5000000,
    "netIncomeFromContinuingOperations": 113000000,
    "netIncomeFromDiscontinuedOperations": 0,
    "otherAdjustmentsToNetIncome": 0,
    "netIncome": 113000000,
    "netIncomeDeductions": 0,
    "bottomLineNetIncome": 113000000,
    "eps": 0.046,
    "epsDiluted": 0.045,
    "weightedAverageShsOut": 2460000000,
    "weightedAverageShsOutDil": 2510000000
  },
  {
    "date": "2013-01-31",
    "symbol": "AVGO",
    "reportedCurrency": "USD",
    "cik": "0001730168",
    "filingDate": "2013-01-31",
    "acceptedDate": "2013-01-31 00:00:00",
    "fiscalYear": "2013",
    "period": "Q1",
    "revenue": 576000000,
    "costOfRevenue": 300000000,
    "grossProfit": 276000000,
    "researchAndDevelopmentExpenses": 93000000,
    "generalAndAdministrativeExpenses": 53000000,
    "sellingAndMarketingExpenses": 0,
    "sellingGeneralAndAdministrativeExpenses": 53000000,
    "otherExpenses": 5000000,
    "operatingExpenses": 151000000,
    "costAndExpenses": 451000000,
    "netInterestIncome": 0,
    "interestIncome": 0,
    "interestExpense": 1000000,
    "depreciationAndAmortization": 41000000,
    "ebitda": 166000000,
    "ebit": 125000000,
    "nonOperatingIncomeExcludingInterest": -1000000,
    "operatingIncome": 124000000,
    "totalOtherIncomeExpensesNet": 2000000,
    "incomeBeforeTax": 126000000,
    "incomeTaxExpense": 1000000,
    "netIncomeFromContinuingOperations": 125000000,
    "netIncomeFromDiscontinuedOperations": 0,
    "otherAdjustmentsToNetIncome": 0,
    "netIncome": 125000000,
    "netIncomeDeductions": 0,
    "bottomLineNetIncome": 125000000,
    "eps": 0.051,
    "epsDiluted": 0.05,
    "weightedAverageShsOut": 2460000000,
    "weightedAverageShsOutDil": 2510000000
  },
  {
    "date": "2012-10-31",
    "symbol": "AVGO",
    "reportedCurrency": "USD",
    "cik": "0001730168",
    "filingDate": "2012-10-31",
    "acceptedDate": "2012-10-31 00:00:00",
    "fiscalYear": "2012",
    "period": "Q4",
    "revenue": 618000000,
    "costOfRevenue": 319000000,
    "grossProfit": 299000000,
    "researchAndDevelopmentExpenses": 80000000,
    "generalAndAdministrativeExpenses": 49000000,
    "sellingAndMarketingExpenses": 0,
    "sellingGeneralAndAdministrativeExpenses": 49000000,
    "otherExpenses": 5000000,
    "operatingExpenses": 134000000,
    "costAndExpenses": 453000000,
    "netInterestIncome": 0,
    "interestIncome": 0,
    "interestExpense": 0,
    "depreciationAndAmortization": 40000000,
    "ebitda": 205000000,
    "ebit": 165000000,
    "nonOperatingIncomeExcludingInterest": -1000000,
    "operatingIncome": 164000000,
    "totalOtherIncomeExpensesNet": -1000000,
    "incomeBeforeTax": 165000000,
    "incomeTaxExpense": 6000000,
    "netIncomeFromContinuingOperations": 159000000,
    "netIncomeFromDiscontinuedOperations": 0,
    "otherAdjustmentsToNetIncome": 0,
    "netIncome": 159000000,
    "netIncomeDeductions": 0,
    "bottomLineNetIncome": 159000000,
    "eps": 0.065,
    "epsDiluted": 0.063,
    "weightedAverageShsOut": 2460000000,
    "weightedAverageShsOutDil": 2510000000
  },
  {
    "date": "2012-07-31",
    "symbol": "AVGO",
    "reportedCurrency": "USD",
    "cik": "0001730168",
    "filingDate": "2012-07-31",
    "acceptedDate": "2012-07-31 00:00:00",
    "fiscalYear": "2012",
    "period": "Q3",
    "revenue": 606000000,
    "costOfRevenue": 311000000,
    "grossProfit": 295000000,
    "researchAndDevelopmentExpenses": 89000000,
    "generalAndAdministrativeExpenses": 49000000,
    "sellingAndMarketingExpenses": 0,
    "sellingGeneralAndAdministrativeExpenses": 49000000,
    "otherExpenses": 6000000,
    "operatingExpenses": 144000000,
    "costAndExpenses": 455000000,
    "netInterestIncome": 0,
    "interestIncome": 0,
    "interestExpense": 1000000,
    "depreciationAndAmortization": 40000000,
    "ebitda": 190000000,
    "ebit": 150000000,
    "nonOperatingIncomeExcludingInterest": -1000000,
    "operatingIncome": 149000000,
    "totalOtherIncomeExpensesNet": 1000000,
    "incomeBeforeTax": 150000000,
    "incomeTaxExpense": 5000000,
    "netIncomeFromContinuingOperations": 145000000,
    "netIncomeFromDiscontinuedOperations": 0,
    "otherAdjustmentsToNetIncome": 0,
    "netIncome": 145000000,
    "netIncomeDeductions": 0,
    "bottomLineNetIncome": 145000000,
    "eps": 0.059,
    "epsDiluted": 0.058,
    "weightedAverageShsOut": 2450000000,
    "weightedAverageShsOutDil": 2500000000
  },
  {
    "date": "2012-04-30",
    "symbol": "AVGO",
    "reportedCurrency": "USD",
    "cik": "0001730168",
    "filingDate": "2012-04-30",
    "acceptedDate": "2012-04-30 00:00:00",
    "fiscalYear": "2012",
    "period": "Q2",
    "revenue": 577000000,
    "costOfRevenue": 299000000,
    "grossProfit": 278000000,
    "researchAndDevelopmentExpenses": 84000000,
    "generalAndAdministrativeExpenses": 51000000,
    "sellingAndMarketingExpenses": 0,
    "sellingGeneralAndAdministrativeExpenses": 51000000,
    "otherExpenses": 5000000,
    "operatingExpenses": 140000000,
    "costAndExpenses": 439000000,
    "netInterestIncome": 0,
    "interestIncome": 0,
    "interestExpense": 0,
    "depreciationAndAmortization": 38000000,
    "ebitda": 178000000,
    "ebit": 140000000,
    "nonOperatingIncomeExcludingInterest": -3000000,
    "operatingIncome": 137000000,
    "totalOtherIncomeExpensesNet": 3000000,
    "incomeBeforeTax": 140000000,
    "incomeTaxExpense": 6000000,
    "netIncomeFromContinuingOperations": 134000000,
    "netIncomeFromDiscontinuedOperations": 0,
    "otherAdjustmentsToNetIncome": 0,
    "netIncome": 134000000,
    "netIncomeDeductions": 0,
    "bottomLineNetIncome": 134000000,
    "eps": 0.055,
    "epsDiluted": 0.054,
    "weightedAverageShsOut": 2440000000,
    "weightedAverageShsOutDil": 2500000000
  },
  {
    "date": "2012-01-31",
    "symbol": "AVGO",
    "reportedCurrency": "USD",
    "cik": "0001730168",
    "filingDate": "2012-01-31",
    "acceptedDate": "2012-01-31 00:00:00",
    "fiscalYear": "2012",
    "period": "Q1",
    "revenue": 563000000,
    "costOfRevenue": 293000000,
    "grossProfit": 270000000,
    "researchAndDevelopmentExpenses": 82000000,
    "generalAndAdministrativeExpenses": 50000000,
    "sellingAndMarketingExpenses": 0,
    "sellingGeneralAndAdministrativeExpenses": 50000000,
    "otherExpenses": 5000000,
    "operatingExpenses": 137000000,
    "costAndExpenses": 430000000,
    "netInterestIncome": -1000000,
    "interestIncome": 0,
    "interestExpense": 1000000,
    "depreciationAndAmortization": 37000000,
    "ebitda": 168000000,
    "ebit": 131000000,
    "nonOperatingIncomeExcludingInterest": 1000000,
    "operatingIncome": 132000000,
    "totalOtherIncomeExpensesNet": -2000000,
    "incomeBeforeTax": 130000000,
    "incomeTaxExpense": 5000000,
    "netIncomeFromContinuingOperations": 125000000,
    "netIncomeFromDiscontinuedOperations": 0,
    "otherAdjustmentsToNetIncome": 0,
    "netIncome": 125000000,
    "netIncomeDeductions": 0,
    "bottomLineNetIncome": 125000000,
    "eps": 0.051,
    "epsDiluted": 0.05,
    "weightedAverageShsOut": 2450000000,
    "weightedAverageShsOutDil": 2500000000
  },
  {
    "date": "2011-10-31",
    "symbol": "AVGO",
    "reportedCurrency": "USD",
    "cik": "0001730168",
    "filingDate": "2011-10-31",
    "acceptedDate": "2011-10-31 00:00:00",
    "fiscalYear": "2011",
    "period": "Q4",
    "revenue": 623000000,
    "costOfRevenue": 319000000,
    "grossProfit": 304000000,
    "researchAndDevelopmentExpenses": 83000000,
    "generalAndAdministrativeExpenses": 55000000,
    "sellingAndMarketingExpenses": 0,
    "sellingGeneralAndAdministrativeExpenses": 55000000,
    "otherExpenses": 6000000,
    "operatingExpenses": 144000000,
    "costAndExpenses": 463000000,
    "netInterestIncome": 1000000,
    "interestIncome": 0,
    "interestExpense": -2000000,
    "depreciationAndAmortization": 39000000,
    "ebitda": 198000000,
    "ebit": 159000000,
    "nonOperatingIncomeExcludingInterest": 0,
    "operatingIncome": 159000000,
    "totalOtherIncomeExpensesNet": 0,
    "incomeBeforeTax": 159000000,
    "incomeTaxExpense": 5000000,
    "netIncomeFromContinuingOperations": 154000000,
    "netIncomeFromDiscontinuedOperations": 0,
    "otherAdjustmentsToNetIncome": 0,
    "netIncome": 154000000,
    "netIncomeDeductions": 0,
    "bottomLineNetIncome": 154000000,
    "eps": 0.063,
    "epsDiluted": 0.062,
    "weightedAverageShsOut": 2450000000,
    "weightedAverageShsOutDil": 2500000000
  },
  {
    "date": "2011-07-31",
    "symbol": "AVGO",
    "reportedCurrency": "USD",
    "cik": "0001730168",
    "filingDate": "2011-07-31",
    "acceptedDate": "2011-07-31 00:00:00",
    "fiscalYear": "2011",
    "period": "Q3",
    "revenue": 603000000,
    "costOfRevenue": 306000000,
    "grossProfit": 297000000,
    "researchAndDevelopmentExpenses": 85000000,
    "generalAndAdministrativeExpenses": 60000000,
    "sellingAndMarketingExpenses": 0,
    "sellingGeneralAndAdministrativeExpenses": 60000000,
    "otherExpenses": 5000000,
    "operatingExpenses": 150000000,
    "costAndExpenses": 456000000,
    "netInterestIncome": 0,
    "interestIncome": 0,
    "interestExpense": 2000000,
    "depreciationAndAmortization": 39000000,
    "ebitda": 184000000,
    "ebit": 145000000,
    "nonOperatingIncomeExcludingInterest": 0,
    "operatingIncome": 145000000,
    "totalOtherIncomeExpensesNet": 0,
    "incomeBeforeTax": 145000000,
    "incomeTaxExpense": 1000000,
    "netIncomeFromContinuingOperations": 144000000,
    "netIncomeFromDiscontinuedOperations": 0,
    "otherAdjustmentsToNetIncome": 0,
    "netIncome": 144000000,
    "netIncomeDeductions": 0,
    "bottomLineNetIncome": 144000000,
    "eps": 0.059,
    "epsDiluted": 0.057,
    "weightedAverageShsOut": 2460000000,
    "weightedAverageShsOutDil": 2530000000
  },
  {
    "date": "2011-04-30",
    "symbol": "AVGO",
    "reportedCurrency": "USD",
    "cik": "0001730168",
    "filingDate": "2011-04-30",
    "acceptedDate": "2011-04-30 00:00:00",
    "fiscalYear": "2011",
    "period": "Q2",
    "revenue": 560000000,
    "costOfRevenue": 285000000,
    "grossProfit": 275000000,
    "researchAndDevelopmentExpenses": 76000000,
    "generalAndAdministrativeExpenses": 55000000,
    "sellingAndMarketingExpenses": 0,
    "sellingGeneralAndAdministrativeExpenses": 55000000,
    "otherExpenses": 5000000,
    "operatingExpenses": 136000000,
    "costAndExpenses": 421000000,
    "netInterestIncome": -1000000,
    "interestIncome": 0,
    "interestExpense": 1000000,
    "depreciationAndAmortization": 38000000,
    "ebitda": 176000000,
    "ebit": 138000000,
    "nonOperatingIncomeExcludingInterest": 0,
    "operatingIncome": 138000000,
    "totalOtherIncomeExpensesNet": -1000000,
    "incomeBeforeTax": 137000000,
    "incomeTaxExpense": 2000000,
    "netIncomeFromContinuingOperations": 135000000,
    "netIncomeFromDiscontinuedOperations": 0,
    "otherAdjustmentsToNetIncome": 0,
    "netIncome": 135000000,
    "netIncomeDeductions": 0,
    "bottomLineNetIncome": 135000000,
    "eps": 0.055,
    "epsDiluted": 0.054,
    "weightedAverageShsOut": 2450000000,
    "weightedAverageShsOutDil": 2520000000
  },
  {
    "date": "2011-01-31",
    "symbol": "AVGO",
    "reportedCurrency": "USD",
    "cik": "0001730168",
    "filingDate": "2011-01-31",
    "acceptedDate": "2011-01-31 00:00:00",
    "fiscalYear": "2011",
    "period": "Q1",
    "revenue": 550000000,
    "costOfRevenue": 279000000,
    "grossProfit": 271000000,
    "researchAndDevelopmentExpenses": 73000000,
    "generalAndAdministrativeExpenses": 50000000,
    "sellingAndMarketingExpenses": 0,
    "sellingGeneralAndAdministrativeExpenses": 50000000,
    "otherExpenses": 6000000,
    "operatingExpenses": 129000000,
    "costAndExpenses": 408000000,
    "netInterestIncome": -3000000,
    "interestIncome": 0,
    "interestExpense": 3000000,
    "depreciationAndAmortization": 41000000,
    "ebitda": 164000000,
    "ebit": 123000000,
    "nonOperatingIncomeExcludingInterest": 19000000,
    "operatingIncome": 142000000,
    "totalOtherIncomeExpensesNet": -22000000,
    "incomeBeforeTax": 120000000,
    "incomeTaxExpense": 1000000,
    "netIncomeFromContinuingOperations": 119000000,
    "netIncomeFromDiscontinuedOperations": 0,
    "otherAdjustmentsToNetIncome": 0,
    "netIncome": 119000000,
    "netIncomeDeductions": 0,
    "bottomLineNetIncome": 119000000,
    "eps": 0.049,
    "epsDiluted": 0.048,
    "weightedAverageShsOut": 2420000000,
    "weightedAverageShsOutDil": 2500000000
  },
  {
    "date": "2010-10-31",
    "symbol": "AVGO",
    "reportedCurrency": "USD",
    "cik": "0001730168",
    "filingDate": "2010-10-31",
    "acceptedDate": "2010-10-31 00:00:00",
    "fiscalYear": "2010",
    "period": "Q4",
    "revenue": 572000000,
    "costOfRevenue": 296000000,
    "grossProfit": 276000000,
    "researchAndDevelopmentExpenses": 75000000,
    "generalAndAdministrativeExpenses": 51000000,
    "sellingAndMarketingExpenses": 0,
    "sellingGeneralAndAdministrativeExpenses": 51000000,
    "otherExpenses": 5000000,
    "operatingExpenses": 131000000,
    "costAndExpenses": 427000000,
    "netInterestIncome": -7000000,
    "interestIncome": 0,
    "interestExpense": 7000000,
    "depreciationAndAmortization": 40000000,
    "ebitda": 185000000,
    "ebit": 145000000,
    "nonOperatingIncomeExcludingInterest": 0,
    "operatingIncome": 145000000,
    "totalOtherIncomeExpensesNet": -7000000,
    "incomeBeforeTax": 138000000,
    "incomeTaxExpense": -26000000,
    "netIncomeFromContinuingOperations": 164000000,
    "netIncomeFromDiscontinuedOperations": 0,
    "otherAdjustmentsToNetIncome": 0,
    "netIncome": 164000000,
    "netIncomeDeductions": 0,
    "bottomLineNetIncome": 164000000,
    "eps": 0.068,
    "epsDiluted": 0.066,
    "weightedAverageShsOut": 2420000000,
    "weightedAverageShsOutDil": 2500000000
  },
  {
    "date": "2010-07-31",
    "symbol": "AVGO",
    "reportedCurrency": "USD",
    "cik": "0001730168",
    "filingDate": "2010-07-31",
    "acceptedDate": "2010-07-31 00:00:00",
    "fiscalYear": "2010",
    "period": "Q3",
    "revenue": 550000000,
    "costOfRevenue": 287000000,
    "grossProfit": 263000000,
    "researchAndDevelopmentExpenses": 71000000,
    "generalAndAdministrativeExpenses": 51000000,
    "sellingAndMarketingExpenses": 0,
    "sellingGeneralAndAdministrativeExpenses": 51000000,
    "otherExpenses": 5000000,
    "operatingExpenses": 127000000,
    "costAndExpenses": 414000000,
    "netInterestIncome": -8000000,
    "interestIncome": 0,
    "interestExpense": 8000000,
    "depreciationAndAmortization": 40000000,
    "ebitda": 175000000,
    "ebit": 135000000,
    "nonOperatingIncomeExcludingInterest": 0,
    "operatingIncome": 135000000,
    "totalOtherIncomeExpensesNet": -8000000,
    "incomeBeforeTax": 127000000,
    "incomeTaxExpense": 4000000,
    "netIncomeFromContinuingOperations": 123000000,
    "netIncomeFromDiscontinuedOperations": 0,
    "otherAdjustmentsToNetIncome": 0,
    "netIncome": 123000000,
    "netIncomeDeductions": 0,
    "bottomLineNetIncome": 123000000,
    "eps": 0.051,
    "epsDiluted": 0.05,
    "weightedAverageShsOut": 2390000000,
    "weightedAverageShsOutDil": 2470000000
  },
  {
    "date": "2010-04-30",
    "symbol": "AVGO",
    "reportedCurrency": "USD",
    "cik": "0001730168",
    "filingDate": "2010-04-30",
    "acceptedDate": "2010-04-30 00:00:00",
    "fiscalYear": "2010",
    "period": "Q2",
    "revenue": 515000000,
    "costOfRevenue": 282000000,
    "grossProfit": 233000000,
    "researchAndDevelopmentExpenses": 70000000,
    "generalAndAdministrativeExpenses": 48000000,
    "sellingAndMarketingExpenses": 0,
    "sellingGeneralAndAdministrativeExpenses": 48000000,
    "otherExpenses": 6000000,
    "operatingExpenses": 124000000,
    "costAndExpenses": 406000000,
    "netInterestIncome": -8000000,
    "interestIncome": 0,
    "interestExpense": 8000000,
    "depreciationAndAmortization": 40000000,
    "ebitda": 147000000,
    "ebit": 107000000,
    "nonOperatingIncomeExcludingInterest": 1000000,
    "operatingIncome": 108000000,
    "totalOtherIncomeExpensesNet": -9000000,
    "incomeBeforeTax": 99000000,
    "incomeTaxExpense": 9000000,
    "netIncomeFromContinuingOperations": 90000000,
    "netIncomeFromDiscontinuedOperations": 0,
    "otherAdjustmentsToNetIncome": 0,
    "netIncome": 90000000,
    "netIncomeDeductions": 0,
    "bottomLineNetIncome": 90000000,
    "eps": 0.038,
    "epsDiluted": 0.037,
    "weightedAverageShsOut": 2380000000,
    "weightedAverageShsOutDil": 2460000000
  },
  {
    "date": "2010-01-31",
    "symbol": "AVGO",
    "reportedCurrency": "USD",
    "cik": "0001730168",
    "filingDate": "2010-01-31",
    "acceptedDate": "2010-01-31 00:00:00",
    "fiscalYear": "2010",
    "period": "Q1",
    "revenue": 456000000,
    "costOfRevenue": 262000000,
    "grossProfit": 194000000,
    "researchAndDevelopmentExpenses": 64000000,
    "generalAndAdministrativeExpenses": 46000000,
    "sellingAndMarketingExpenses": 0,
    "sellingGeneralAndAdministrativeExpenses": 46000000,
    "otherExpenses": 5000000,
    "operatingExpenses": 115000000,
    "costAndExpenses": 377000000,
    "netInterestIncome": -11000000,
    "interestIncome": 0,
    "interestExpense": 11000000,
    "depreciationAndAmortization": 39000000,
    "ebitda": 92000000,
    "ebit": 53000000,
    "nonOperatingIncomeExcludingInterest": 25000000,
    "operatingIncome": 78000000,
    "totalOtherIncomeExpensesNet": -36000000,
    "incomeBeforeTax": 42000000,
    "incomeTaxExpense": 4000000,
    "netIncomeFromContinuingOperations": 38000000,
    "netIncomeFromDiscontinuedOperations": 0,
    "otherAdjustmentsToNetIncome": 0,
    "netIncome": 38000000,
    "netIncomeDeductions": 0,
    "bottomLineNetIncome": 38000000,
    "eps": 0.016,
    "epsDiluted": 0.016,
    "weightedAverageShsOut": 2360000000,
    "weightedAverageShsOutDil": 2440000000
  },
  {
    "date": "2009-10-31",
    "symbol": "AVGO",
    "reportedCurrency": "USD",
    "cik": "0001730168",
    "filingDate": "2009-10-31",
    "acceptedDate": "2009-10-31 00:00:00",
    "fiscalYear": "2009",
    "period": "Q4",
    "revenue": 428000000,
    "costOfRevenue": 250000000,
    "grossProfit": 178000000,
    "researchAndDevelopmentExpenses": 65000000,
    "generalAndAdministrativeExpenses": 47000000,
    "sellingAndMarketingExpenses": 0,
    "sellingGeneralAndAdministrativeExpenses": 47000000,
    "otherExpenses": 61000000,
    "operatingExpenses": 173000000,
    "costAndExpenses": 421000000,
    "netInterestIncome": -19000000,
    "interestIncome": 0,
    "interestExpense": 19000000,
    "depreciationAndAmortization": 40000000,
    "ebitda": 37000000,
    "ebit": -3000000,
    "nonOperatingIncomeExcludingInterest": 8000000,
    "operatingIncome": 5000000,
    "totalOtherIncomeExpensesNet": -27000000,
    "incomeBeforeTax": -22000000,
    "incomeTaxExpense": -1000000,
    "netIncomeFromContinuingOperations": -21000000,
    "netIncomeFromDiscontinuedOperations": 0,
    "otherAdjustmentsToNetIncome": 0,
    "netIncome": -21000000,
    "netIncomeDeductions": 0,
    "bottomLineNetIncome": -21000000,
    "eps": -0.0089,
    "epsDiluted": -0.0086,
    "weightedAverageShsOut": 2360000000,
    "weightedAverageShsOutDil": 2440000000
  },
  {
    "date": "2009-07-31",
    "symbol": "AVGO",
    "reportedCurrency": "USD",
    "cik": "0001730168",
    "filingDate": "2009-07-31",
    "acceptedDate": "2009-07-31 00:00:00",
    "fiscalYear": "2009",
    "period": "Q3",
    "revenue": 363000000,
    "costOfRevenue": 222000000,
    "grossProfit": 141000000,
    "researchAndDevelopmentExpenses": 59000000,
    "generalAndAdministrativeExpenses": 40000000,
    "sellingAndMarketingExpenses": 0,
    "sellingGeneralAndAdministrativeExpenses": 40000000,
    "otherExpenses": 18000000,
    "operatingExpenses": 117000000,
    "costAndExpenses": 339000000,
    "netInterestIncome": -20000000,
    "interestIncome": 0,
    "interestExpense": 20000000,
    "depreciationAndAmortization": 40000000,
    "ebitda": 68000000,
    "ebit": 28000000,
    "nonOperatingIncomeExcludingInterest": -4000000,
    "operatingIncome": 24000000,
    "totalOtherIncomeExpensesNet": -16000000,
    "incomeBeforeTax": 8000000,
    "incomeTaxExpense": 6000000,
    "netIncomeFromContinuingOperations": 2000000,
    "netIncomeFromDiscontinuedOperations": 0,
    "otherAdjustmentsToNetIncome": 0,
    "netIncome": 2000000,
    "netIncomeDeductions": 0,
    "bottomLineNetIncome": 2000000,
    "eps": 0.001,
    "epsDiluted": 0.001,
    "weightedAverageShsOut": 2130000000,
    "weightedAverageShsOutDil": 2180000000
  },
  {
    "date": "2009-04-30",
    "symbol": "AVGO",
    "reportedCurrency": "USD",
    "cik": "0001730168",
    "filingDate": "2009-04-30",
    "acceptedDate": "2009-04-30 00:00:00",
    "fiscalYear": "2009",
    "period": "Q2",
    "revenue": 325000000,
    "costOfRevenue": 227000000,
    "grossProfit": 98000000,
    "researchAndDevelopmentExpenses": 59000000,
    "generalAndAdministrativeExpenses": 42000000,
    "sellingAndMarketingExpenses": 0,
    "sellingGeneralAndAdministrativeExpenses": 42000000,
    "otherExpenses": 8000000,
    "operatingExpenses": 109000000,
    "costAndExpenses": 336000000,
    "netInterestIncome": -20000000,
    "interestIncome": 0,
    "interestExpense": 20000000,
    "depreciationAndAmortization": 39000000,
    "ebitda": 26000000,
    "ebit": -13000000,
    "nonOperatingIncomeExcludingInterest": 2000000,
    "operatingIncome": -11000000,
    "totalOtherIncomeExpensesNet": -22000000,
    "incomeBeforeTax": -33000000,
    "incomeTaxExpense": -2000000,
    "netIncomeFromContinuingOperations": -31000000,
    "netIncomeFromDiscontinuedOperations": 0,
    "otherAdjustmentsToNetIncome": 0,
    "netIncome": -31000000,
    "netIncomeDeductions": 0,
    "bottomLineNetIncome": -31000000,
    "eps": -0.0145,
    "epsDiluted": -0.0145,
    "weightedAverageShsOut": 2140000000,
    "weightedAverageShsOutDil": 2140000000
  },
  {
    "date": "2009-01-31",
    "symbol": "AVGO",
    "reportedCurrency": "USD",
    "cik": "0001730168",
    "filingDate": "2009-01-31",
    "acceptedDate": "2009-01-31 00:00:00",
    "fiscalYear": "2009",
    "period": "Q1",
    "revenue": 368000000,
    "costOfRevenue": 225000000,
    "grossProfit": 143000000,
    "researchAndDevelopmentExpenses": 62000000,
    "generalAndAdministrativeExpenses": 40000000,
    "sellingAndMarketingExpenses": 0,
    "sellingGeneralAndAdministrativeExpenses": 40000000,
    "otherExpenses": 11000000,
    "operatingExpenses": 113000000,
    "costAndExpenses": 338000000,
    "netInterestIncome": -18000000,
    "interestIncome": 0,
    "interestExpense": 18000000,
    "depreciationAndAmortization": 41000000,
    "ebitda": 70000000,
    "ebit": 29000000,
    "nonOperatingIncomeExcludingInterest": 1000000,
    "operatingIncome": 30000000,
    "totalOtherIncomeExpensesNet": -19000000,
    "incomeBeforeTax": 11000000,
    "incomeTaxExpense": 5000000,
    "netIncomeFromContinuingOperations": 6000000,
    "netIncomeFromDiscontinuedOperations": 0,
    "otherAdjustmentsToNetIncome": 0,
    "netIncome": 6000000,
    "netIncomeDeductions": 0,
    "bottomLineNetIncome": 6000000,
    "eps": 0.003,
    "epsDiluted": 0.003,
    "weightedAverageShsOut": 2140000000,
    "weightedAverageShsOutDil": 2190000000
  },
  {
    "date": "2008-10-31",
    "symbol": "AVGO",
    "reportedCurrency": "USD",
    "cik": "0001730168",
    "filingDate": "2008-10-31",
    "acceptedDate": "2008-10-31 00:00:00",
    "fiscalYear": "2008",
    "period": "Q4",
    "revenue": 447000000,
    "costOfRevenue": 279000000,
    "grossProfit": 168000000,
    "researchAndDevelopmentExpenses": 69000000,
    "generalAndAdministrativeExpenses": 48000000,
    "sellingAndMarketingExpenses": 0,
    "sellingGeneralAndAdministrativeExpenses": 48000000,
    "otherExpenses": 8000000,
    "operatingExpenses": 125000000,
    "costAndExpenses": 403000000,
    "netInterestIncome": -21000000,
    "interestIncome": 0,
    "interestExpense": 21000000,
    "depreciationAndAmortization": 42000000,
    "ebitda": 79000000,
    "ebit": 37000000,
    "nonOperatingIncomeExcludingInterest": 6000000,
    "operatingIncome": 43000000,
    "totalOtherIncomeExpensesNet": -27000000,
    "incomeBeforeTax": 16000000,
    "incomeTaxExpense": -9000000,
    "netIncomeFromContinuingOperations": 25000000,
    "netIncomeFromDiscontinuedOperations": -7000000,
    "otherAdjustmentsToNetIncome": 0,
    "netIncome": 18000000,
    "netIncomeDeductions": 0,
    "bottomLineNetIncome": 18000000,
    "eps": 0.012,
    "epsDiluted": 0.011,
    "weightedAverageShsOut": 2140000000,
    "weightedAverageShsOutDil": 2190000000
  },
  {
    "date": "2008-07-31",
    "symbol": "AVGO",
    "reportedCurrency": "USD",
    "cik": "0001730168",
    "filingDate": "2008-07-31",
    "acceptedDate": "2008-07-31 00:00:00",
    "fiscalYear": "2008",
    "period": "Q3",
    "revenue": 439000000,
    "costOfRevenue": 268000000,
    "grossProfit": 171000000,
    "researchAndDevelopmentExpenses": 68000000,
    "generalAndAdministrativeExpenses": 50000000,
    "sellingAndMarketingExpenses": 0,
    "sellingGeneralAndAdministrativeExpenses": 50000000,
    "otherExpenses": 9000000,
    "operatingExpenses": 127000000,
    "costAndExpenses": 395000000,
    "netInterestIncome": -20000000,
    "interestIncome": 0,
    "interestExpense": 20000000,
    "depreciationAndAmortization": 40000000,
    "ebitda": 84000000,
    "ebit": 44000000,
    "nonOperatingIncomeExcludingInterest": 0,
    "operatingIncome": 44000000,
    "totalOtherIncomeExpensesNet": -20000000,
    "incomeBeforeTax": 24000000,
    "incomeTaxExpense": 5000000,
    "netIncomeFromContinuingOperations": 19000000,
    "netIncomeFromDiscontinuedOperations": 25000000,
    "otherAdjustmentsToNetIncome": 0,
    "netIncome": 44000000,
    "netIncomeDeductions": 0,
    "bottomLineNetIncome": 44000000,
    "eps": 0.021,
    "epsDiluted": 0.02,
    "weightedAverageShsOut": 2140000000,
    "weightedAverageShsOutDil": 2190000000
  }
]