[
  {
    "date": "2025-12-31",
    "symbol": "XOM",
    "reportedCurrency": "USD",
    "cik": "0000034088",
    "filingDate": "2026-01-30",
    "acceptedDate": "2026-01-30 06:31:24",
    "fiscalYear": "2025",
    "period": "Q4",
    "revenue": 80039000000,
    "costOfRevenue": 64923000000,
    "grossProfit": 15116000000,
    "researchAndDevelopmentExpenses": 0,
    "generalAndAdministrativeExpenses": 0,
    "sellingAndMarketingExpenses": 0,
    "sellingGeneralAndAdministrativeExpenses": 2617000000,
    "otherExpenses": 6496000000,
    "operatingExpenses": 9113000000,
    "costAndExpenses": 74036000000,
    "netInterestIncome": 80000000,
    "interestIncome": 0,
    "interestExpense": -80000000,
    "depreciationAndAmortization": 7715000000,
    "ebitda": 15792000000,
    "ebit": 8077000000,
    "nonOperatingIncomeExcludingInterest": -2074000000,
    "operatingIncome": 6003000000,
    "totalOtherIncomeExpensesNet": 2028000000,
    "incomeBeforeTax": 8031000000,
    "incomeTaxExpense": 1422000000,
    "netIncomeFromContinuingOperations": 6609000000,
    "netIncomeFromDiscontinuedOperations": 0,
    "otherAdjustmentsToNetIncome": 0,
    "netIncome": 6501000000,
    "netIncomeDeductions": 0,
    "bottomLineNetIncome": 6501000000,
    "eps": 1.72,
    "epsDiluted": 1.53,
    "weightedAverageShsOut": 0,
    "weightedAverageShsOutDil": 4238000000
  },
  {
    "date": "2025-09-30",
    "symbol": "XOM",
    "reportedCurrency": "USD",
    "cik": "0000034088",
    "filingDate": "2025-11-03",
    "acceptedDate": "2025-11-03 12:45:47",
    "fiscalYear": "2025",
    "period": "Q3",
    "revenue": 83331000000,
    "costOfRevenue": 64646000000,
    "grossProfit": 18685000000,
    "researchAndDevelopmentExpenses": 0,
    "generalAndAdministrativeExpenses": 0,
    "sellingAndMarketingExpenses": 0,
    "sellingGeneralAndAdministrativeExpenses": 3032000000,
    "otherExpenses": 6475000000,
    "operatingExpenses": 9507000000,
    "costAndExpenses": 74153000000,
    "netInterestIncome": -207000000,
    "interestIncome": 0,
    "interestExpense": 207000000,
    "depreciationAndAmortization": 6475000000,
    "ebitda": 17614000000,
    "ebit": 11139000000,
    "nonOperatingIncomeExcludingInterest": -1961000000,
    "operatingIncome": 9178000000,
    "totalOtherIncomeExpensesNet": 1754000000,
    "incomeBeforeTax": 10932000000,
    "incomeTaxExpense": 3164000000,
    "netIncomeFromContinuingOperations": 7768000000,
    "netIncomeFromDiscontinuedOperations": 0,
    "otherAdjustmentsToNetIncome": 0,
    "netIncome": 7548000000,
    "netIncomeDeductions": 0,
    "bottomLineNetIncome": 7548000000,
    "eps": 1.76,
    "epsDiluted": 1.76,
    "weightedAverageShsOut": 4331000000,
    "weightedAverageShsOutDil": 4331000000
  },
  {
    "date": "2025-06-30",
    "symbol": "XOM",
    "reportedCurrency": "USD",
    "cik": "0000034088",
    "filingDate": "2025-08-04",
    "acceptedDate": "2025-08-04 12:47:59",
    "fiscalYear": "2025",
    "period": "Q2",
    "revenue": 79477000000,
    "costOfRevenue": 61530000000,
    "grossProfit": 17947000000,
    "researchAndDevelopmentExpenses": 0,
    "generalAndAdministrativeExpenses": 0,
    "sellingAndMarketingExpenses": 0,
    "sellingGeneralAndAdministrativeExpenses": 2528000000,
    "otherExpenses": 6508000000,
    "operatingExpenses": 9036000000,
    "costAndExpenses": 70566000000,
    "netInterestIncome": -271000000,
    "interestIncome": 0,
    "interestExpense": 271000000,
    "depreciationAndAmortization": 6101000000,
    "ebitda": 16951000000,
    "ebit": 10850000000,
    "nonOperatingIncomeExcludingInterest": -1939000000,
    "operatingIncome": 8911000000,
    "totalOtherIncomeExpensesNet": 1794000000,
    "incomeBeforeTax": 10705000000,
    "incomeTaxExpense": 3351000000,
    "netIncomeFromContinuingOperations": 7354000000,
    "netIncomeFromDiscontinuedOperations": 0,
    "otherAdjustmentsToNetIncome": 0,
    "netIncome": 7082000000,
    "netIncomeDeductions": 0,
    "bottomLineNetIncome": 7082000000,
    "eps": 1.64,
    "epsDiluted": 1.64,
    "weightedAverageShsOut": 4331000000,
    "weightedAverageShsOutDil": 4331000000
  },
  {
    "date": "2025-03-31",
    "symbol": "XOM",
    "reportedCurrency": "USD",
    "cik": "0000034088",
    "filingDate": "2025-05-05",
    "acceptedDate": "2025-05-05 12:41:41",
    "fiscalYear": "2025",
    "period": "Q1",
    "revenue": 81058000000,
    "costOfRevenue": 62573000000,
    "grossProfit": 18485000000,
    "researchAndDevelopmentExpenses": 0,
    "generalAndAdministrativeExpenses": 2540000000,
    "sellingAndMarketingExpenses": 0,
    "sellingGeneralAndAdministrativeExpenses": 2540000000,
    "otherExpenses": 6099000000,
    "operatingExpenses": 8639000000,
    "costAndExpenses": 71212000000,
    "netInterestIncome": -205000000,
    "interestIncome": 0,
    "interestExpense": 205000000,
    "depreciationAndAmortization": 5702000000,
    "ebitda": 17507000000,
    "ebit": 11805000000,
    "nonOperatingIncomeExcludingInterest": -1959000000,
    "operatingIncome": 9846000000,
    "totalOtherIncomeExpensesNet": 1754000000,
    "incomeBeforeTax": 11600000000,
    "incomeTaxExpense": 3567000000,
    "netIncomeFromContinuingOperations": 8033000000,
    "netIncomeFromDiscontinuedOperations": 0,
    "otherAdjustmentsToNetIncome": 0,
    "netIncome": 7713000000,
    "netIncomeDeductions": 0,
    "bottomLineNetIncome": 7713000000,
    "eps": 1.76,
    "epsDiluted": 1.76,
    "weightedAverageShsOut": 4462000000,
    "weightedAverageShsOutDil": 4462000000
  },
  {
    "date": "2024-12-31",
    "symbol": "XOM",
    "reportedCurrency": "USD",
    "cik": "0000034088",
    "filingDate": "2025-02-19",
    "acceptedDate": "2025-02-19 16:39:37",
    "fiscalYear": "2024",
    "period": "Q4",
    "revenue": 81058000000,
    "costOfRevenue": 63811000000,
    "grossProfit": 17247000000,
    "researchAndDevelopmentExpenses": 0,
    "generalAndAdministrativeExpenses": 2617000000,
    "sellingAndMarketingExpenses": 0,
    "sellingGeneralAndAdministrativeExpenses": 2617000000,
    "otherExpenses": 6857000000,
    "operatingExpenses": 9474000000,
    "costAndExpenses": 73285000000,
    "netInterestIncome": -297000000,
    "interestIncome": 0,
    "interestExpense": 297000000,
    "depreciationAndAmortization": 6585000000,
    "ebitda": 16695000000,
    "ebit": 10110000000,
    "nonOperatingIncomeExcludingInterest": -2337000000,
    "operatingIncome": 7773000000,
    "totalOtherIncomeExpensesNet": 2040000000,
    "incomeBeforeTax": 9813000000,
    "incomeTaxExpense": 1858000000,
    "netIncomeFromContinuingOperations": 7955000000,
    "netIncomeFromDiscontinuedOperations": 0,
    "otherAdjustmentsToNetIncome": 0,
    "netIncome": 7610000000,
    "netIncomeDeductions": 0,
    "bottomLineNetIncome": 7610000000,
    "eps": 1.72,
    "epsDiluted": 1.72,
    "weightedAverageShsOut": 4462000000,
    "weightedAverageShsOutDil": 4462000000
  },
  {
    "date": "2024-09-30",
    "symbol": "XOM",
    "reportedCurrency": "USD",
    "cik": "0000034088",
    "filingDate": "2024-11-04",
    "acceptedDate": "2024-11-04 12:56:10",
    "fiscalYear": "2024",
    "period": "Q3",
    "revenue": 87792000000,
    "costOfRevenue": 67400000000,
    "grossProfit": 20392000000,
    "researchAndDevelopmentExpenses": 0,
    "generalAndAdministrativeExpenses": 2296000000,
    "sellingAndMarketingExpenses": 0,
    "sellingGeneralAndAdministrativeExpenses": 2296000000,
    "otherExpenses": 7054000000,
    "operatingExpenses": 9350000000,
    "costAndExpenses": 76750000000,
    "netInterestIncome": -207000000,
    "interestIncome": 0,
    "interestExpense": 207000000,
    "depreciationAndAmortization": 6258000000,
    "ebitda": 19491000000,
    "ebit": 13233000000,
    "nonOperatingIncomeExcludingInterest": -2191000000,
    "operatingIncome": 11042000000,
    "totalOtherIncomeExpensesNet": 1984000000,
    "incomeBeforeTax": 13026000000,
    "incomeTaxExpense": 4055000000,
    "netIncomeFromContinuingOperations": 8971000000,
    "netIncomeFromDiscontinuedOperations": 0,
    "otherAdjustmentsToNetIncome": 0,
    "netIncome": 8610000000,
    "netIncomeDeductions": 0,
    "bottomLineNetIncome": 8610000000,
    "eps": 1.93,
    "epsDiluted": 1.92,
    "weightedAverageShsOut": 4462000000,
    "weightedAverageShsOutDil": 4462000000
  },
  {
    "date": "2024-06-30",
    "symbol": "XOM",
    "reportedCurrency": "USD",
    "cik": "0000034088",
    "filingDate": "2024-08-05",
    "acceptedDate": "2024-08-05 13:15:44",
    "fiscalYear": "2024",
    "period": "Q2",
    "revenue": 89986000000,
    "costOfRevenue": 69790000000,
    "grossProfit": 20196000000,
    "researchAndDevelopmentExpenses": 0,
    "generalAndAdministrativeExpenses": 2568000000,
    "sellingAndMarketingExpenses": 0,
    "sellingGeneralAndAdministrativeExpenses": 2568000000,
    "otherExpenses": 6732000000,
    "operatingExpenses": 9300000000,
    "costAndExpenses": 79090000000,
    "netInterestIncome": -271000000,
    "interestIncome": 0,
    "interestExpense": 271000000,
    "depreciationAndAmortization": 5787000000,
    "ebitda": 19723000000,
    "ebit": 13936000000,
    "nonOperatingIncomeExcludingInterest": -3040000000,
    "operatingIncome": 10896000000,
    "totalOtherIncomeExpensesNet": 2769000000,
    "incomeBeforeTax": 13665000000,
    "incomeTaxExpense": 4094000000,
    "netIncomeFromContinuingOperations": 9571000000,
    "netIncomeFromDiscontinuedOperations": 0,
    "otherAdjustmentsToNetIncome": 0,
    "netIncome": 9240000000,
    "netIncomeDeductions": 0,
    "bottomLineNetIncome": 9240000000,
    "eps": 2.14,
    "epsDiluted": 2.14,
    "weightedAverageShsOut": 4317000000,
    "weightedAverageShsOutDil": 4317000000
  },
  {
    "date": "2024-03-31",
    "symbol": "XOM",
    "reportedCurrency": "USD",
    "cik": "0000034088",
    "filingDate": "2024-04-29",
    "acceptedDate": "2024-04-29 13:11:41",
    "fiscalYear": "2024",
    "period": "Q1",
    "revenue": 80411000000,
    "costOfRevenue": 61504000000,
    "grossProfit": 18907000000,
    "researchAndDevelopmentExpenses": 0,
    "generalAndAdministrativeExpenses": 2495000000,
    "sellingAndMarketingExpenses": 0,
    "sellingGeneralAndAdministrativeExpenses": 2495000000,
    "otherExpenses": 6471000000,
    "operatingExpenses": 8966000000,
    "costAndExpenses": 70470000000,
    "netInterestIncome": -221000000,
    "interestIncome": 0,
    "interestExpense": 221000000,
    "depreciationAndAmortization": 4812000000,
    "ebitda": 17402000000,
    "ebit": 12590000000,
    "nonOperatingIncomeExcludingInterest": -2649000000,
    "operatingIncome": 9941000000,
    "totalOtherIncomeExpensesNet": 2428000000,
    "incomeBeforeTax": 12369000000,
    "incomeTaxExpense": 3803000000,
    "netIncomeFromContinuingOperations": 8566000000,
    "netIncomeFromDiscontinuedOperations": 0,
    "otherAdjustmentsToNetIncome": 0,
    "netIncome": 8220000000,
    "netIncomeDeductions": 0,
    "bottomLineNetIncome": 8220000000,
    "eps": 2.06,
    "epsDiluted": 2.06,
    "weightedAverageShsOut": 3998000000,
    "weightedAverageShsOutDil": 3998000000
  },
  {
    "date": "2023-12-31",
    "symbol": "XOM",
    "reportedCurrency": "USD",
    "cik": "0000034088",
    "filingDate": "2024-02-28",
    "acceptedDate": "2024-02-28 09:37:18",
    "fiscalYear": "2023",
    "period": "Q4",
    "revenue": 81688000000,
    "costOfRevenue": 63985000000,
    "grossProfit": 17703000000,
    "researchAndDevelopmentExpenses": 879000000,
    "generalAndAdministrativeExpenses": 2591000000,
    "sellingAndMarketingExpenses": 0,
    "sellingGeneralAndAdministrativeExpenses": 2591000000,
    "otherExpenses": 5775000000,
    "operatingExpenses": 9245000000,
    "costAndExpenses": 73230000000,
    "netInterestIncome": -272000000,
    "interestIncome": 0,
    "interestExpense": 272000000,
    "depreciationAndAmortization": 7740000000,
    "ebitda": 18637000000,
    "ebit": 10897000000,
    "nonOperatingIncomeExcludingInterest": -2439000000,
    "operatingIncome": 8458000000,
    "totalOtherIncomeExpensesNet": 2167000000,
    "incomeBeforeTax": 10625000000,
    "incomeTaxExpense": 2613000000,
    "netIncomeFromContinuingOperations": 8012000000,
    "netIncomeFromDiscontinuedOperations": 0,
    "otherAdjustmentsToNetIncome": 0,
    "netIncome": 7630000000,
    "netIncomeDeductions": 0,
    "bottomLineNetIncome": 7630000000,
    "eps": 1.91,
    "epsDiluted": 1.91,
    "weightedAverageShsOut": 3971000000,
    "weightedAverageShsOutDil": 4010000000
  },
  {
    "date": "2023-09-30",
    "symbol": "XOM",
    "reportedCurrency": "USD",
    "cik": "0000034088",
    "filingDate": "2023-10-31",
    "acceptedDate": "2023-10-31 10:46:09",
    "fiscalYear": "2023",
    "period": "Q3",
    "revenue": 88570000000,
    "costOfRevenue": 66187000000,
    "grossProfit": 22383000000,
    "researchAndDevelopmentExpenses": 0,
    "generalAndAdministrativeExpenses": 2489000000,
    "sellingAndMarketingExpenses": 0,
    "sellingGeneralAndAdministrativeExpenses": 2489000000,
    "otherExpenses": 8050000000,
    "operatingExpenses": 10539000000,
    "costAndExpenses": 76726000000,
    "netInterestIncome": -169000000,
    "interestIncome": 0,
    "interestExpense": 169000000,
    "depreciationAndAmortization": 4415000000,
    "ebitda": 18283000000,
    "ebit": 13868000000,
    "nonOperatingIncomeExcludingInterest": -2024000000,
    "operatingIncome": 11844000000,
    "totalOtherIncomeExpensesNet": 1855000000,
    "incomeBeforeTax": 13699000000,
    "incomeTaxExpense": 4353000000,
    "netIncomeFromContinuingOperations": 9346000000,
    "netIncomeFromDiscontinuedOperations": 0,
    "otherAdjustmentsToNetIncome": 0,
    "netIncome": 9070000000,
    "netIncomeDeductions": 0,
    "bottomLineNetIncome": 9070000000,
    "eps": 2.25,
    "epsDiluted": 2.25,
    "weightedAverageShsOut": 4025000000,
    "weightedAverageShsOutDil": 4025000000
  },
  {
    "date": "2023-06-30",
    "symbol": "XOM",
    "reportedCurrency": "USD",
    "cik": "0000034088",
    "filingDate": "2023-08-01",
    "acceptedDate": "2023-08-01 10:44:12",
    "fiscalYear": "2023",
    "period": "Q2",
    "revenue": 80795000000,
    "costOfRevenue": 60700000000,
    "grossProfit": 20095000000,
    "researchAndDevelopmentExpenses": 0,
    "generalAndAdministrativeExpenses": 2449000000,
    "sellingAndMarketingExpenses": 0,
    "sellingGeneralAndAdministrativeExpenses": 2449000000,
    "otherExpenses": 7696000000,
    "operatingExpenses": 10145000000,
    "costAndExpenses": 70845000000,
    "netInterestIncome": -249000000,
    "interestIncome": 0,
    "interestExpense": 249000000,
    "depreciationAndAmortization": 4242000000,
    "ebitda": 16147000000,
    "ebit": 11905000000,
    "nonOperatingIncomeExcludingInterest": -1955000000,
    "operatingIncome": 9950000000,
    "totalOtherIncomeExpensesNet": 1706000000,
    "incomeBeforeTax": 11656000000,
    "incomeTaxExpense": 3503000000,
    "netIncomeFromContinuingOperations": 8153000000,
    "netIncomeFromDiscontinuedOperations": 0,
    "otherAdjustmentsToNetIncome": 0,
    "netIncome": 7880000000,
    "netIncomeDeductions": 0,
    "bottomLineNetIncome": 7880000000,
    "eps": 1.94,
    "epsDiluted": 1.94,
    "weightedAverageShsOut": 4066000000,
    "weightedAverageShsOutDil": 4066000000
  },
  {
    "date": "2023-03-31",
    "symbol": "XOM",
    "reportedCurrency": "USD",
    "cik": "0000034088",
    "filingDate": "2023-05-02",
    "acceptedDate": "2023-05-02 13:24:25",
    "fiscalYear": "2023",
    "period": "Q1",
    "revenue": 83644000000,
    "costOfRevenue": 59683000000,
    "grossProfit": 23961000000,
    "researchAndDevelopmentExpenses": 0,
    "generalAndAdministrativeExpenses": 2390000000,
    "sellingAndMarketingExpenses": 0,
    "sellingGeneralAndAdministrativeExpenses": 2390000000,
    "otherExpenses": 7362000000,
    "operatingExpenses": 9752000000,
    "costAndExpenses": 69435000000,
    "netInterestIncome": -159000000,
    "interestIncome": 0,
    "interestExpense": 159000000,
    "depreciationAndAmortization": 4244000000,
    "ebitda": 21206000000,
    "ebit": 16962000000,
    "nonOperatingIncomeExcludingInterest": -2753000000,
    "operatingIncome": 14209000000,
    "totalOtherIncomeExpensesNet": 2594000000,
    "incomeBeforeTax": 16803000000,
    "incomeTaxExpense": 4960000000,
    "netIncomeFromContinuingOperations": 11843000000,
    "netIncomeFromDiscontinuedOperations": 0,
    "otherAdjustmentsToNetIncome": 0,
    "netIncome": 11430000000,
    "netIncomeDeductions": 0,
    "bottomLineNetIncome": 11430000000,
    "eps": 2.79,
    "epsDiluted": 2.79,
    "weightedAverageShsOut": 4102000000,
    "weightedAverageShsOutDil": 4102000000
  },
  {
    "date": "2022-12-31",
    "symbol": "XOM",
    "reportedCurrency": "USD",
    "cik": "0000034088",
    "filingDate": "2023-02-22",
    "acceptedDate": "2023-02-22 16:37:14",
    "fiscalYear": "2022",
    "period": "Q4",
    "revenue": 93164000000,
    "costOfRevenue": 66190000000,
    "grossProfit": 26974000000,
    "researchAndDevelopmentExpenses": 0,
    "generalAndAdministrativeExpenses": 2832000000,
    "sellingAndMarketingExpenses": 0,
    "sellingGeneralAndAdministrativeExpenses": 2832000000,
    "otherExpenses": 7258000000,
    "operatingExpenses": 10090000000,
    "costAndExpenses": 76280000000,
    "netInterestIncome": -207000000,
    "interestIncome": 0,
    "interestExpense": 207000000,
    "depreciationAndAmortization": 5064000000,
    "ebitda": 24113000000,
    "ebit": 19049000000,
    "nonOperatingIncomeExcludingInterest": -2165000000,
    "operatingIncome": 16884000000,
    "totalOtherIncomeExpensesNet": 1958000000,
    "incomeBeforeTax": 18842000000,
    "incomeTaxExpense": 5787000000,
    "netIncomeFromContinuingOperations": 13055000000,
    "netIncomeFromDiscontinuedOperations": 0,
    "otherAdjustmentsToNetIncome": 0,
    "netIncome": 12750000000,
    "netIncomeDeductions": 0,
    "bottomLineNetIncome": 12750000000,
    "eps": 3.12,
    "epsDiluted": 3.08,
    "weightedAverageShsOut": 4082000000,
    "weightedAverageShsOutDil": 4138000000
  },
  {
    "date": "2022-09-30",
    "symbol": "XOM",
    "reportedCurrency": "USD",
    "cik": "0000034088",
    "filingDate": "2022-11-02",
    "acceptedDate": "2022-11-02 14:07:49",
    "fiscalYear": "2022",
    "period": "Q3",
    "revenue": 106512000000,
    "costOfRevenue": 77156000000,
    "grossProfit": 29356000000,
    "researchAndDevelopmentExpenses": 0,
    "generalAndAdministrativeExpenses": 2324000000,
    "sellingAndMarketingExpenses": 0,
    "sellingGeneralAndAdministrativeExpenses": 2324000000,
    "otherExpenses": 6805000000,
    "operatingExpenses": 9129000000,
    "costAndExpenses": 86285000000,
    "netInterestIncome": -209000000,
    "interestIncome": 0,
    "interestExpense": 209000000,
    "depreciationAndAmortization": 5642000000,
    "ebitda": 31273000000,
    "ebit": 25631000000,
    "nonOperatingIncomeExcludingInterest": -5404000000,
    "operatingIncome": 20227000000,
    "totalOtherIncomeExpensesNet": 5195000000,
    "incomeBeforeTax": 25422000000,
    "incomeTaxExpense": 5224000000,
    "netIncomeFromContinuingOperations": 20198000000,
    "netIncomeFromDiscontinuedOperations": 0,
    "otherAdjustmentsToNetIncome": 0,
    "netIncome": 19660000000,
    "netIncomeDeductions": 0,
    "bottomLineNetIncome": 19660000000,
    "eps": 4.7,
    "epsDiluted": 4.68,
    "weightedAverageShsOut": 4185000000,
    "weightedAverageShsOutDil": 4200854701
  },
  {
    "date": "2022-06-30",
    "symbol": "XOM",
    "reportedCurrency": "USD",
    "cik": "0000034088",
    "filingDate": "2022-08-03",
    "acceptedDate": "2022-08-03 13:33:43",
    "fiscalYear": "2022",
    "period": "Q2",
    "revenue": 111265000000,
    "costOfRevenue": 80750000000,
    "grossProfit": 30515000000,
    "researchAndDevelopmentExpenses": 0,
    "generalAndAdministrativeExpenses": 2530000000,
    "sellingAndMarketingExpenses": 0,
    "sellingGeneralAndAdministrativeExpenses": 2530000000,
    "otherExpenses": 7154000000,
    "operatingExpenses": 9684000000,
    "costAndExpenses": 90434000000,
    "netInterestIncome": -194000000,
    "interestIncome": 0,
    "interestExpense": 194000000,
    "depreciationAndAmortization": 4451000000,
    "ebitda": 29578000000,
    "ebit": 25127000000,
    "nonOperatingIncomeExcludingInterest": -4296000000,
    "operatingIncome": 20831000000,
    "totalOtherIncomeExpensesNet": 4102000000,
    "incomeBeforeTax": 24933000000,
    "incomeTaxExpense": 6359000000,
    "netIncomeFromContinuingOperations": 18574000000,
    "netIncomeFromDiscontinuedOperations": 0,
    "otherAdjustmentsToNetIncome": 0,
    "netIncome": 17850000000,
    "netIncomeDeductions": 0,
    "bottomLineNetIncome": 17850000000,
    "eps": 4.22,
    "epsDiluted": 4.21,
    "weightedAverageShsOut": 4233000000,
    "weightedAverageShsOutDil": 4239904988
  },
  {
    "date": "2022-03-31",
    "symbol": "XOM",
    "reportedCurrency": "USD",
    "cik": "0000034088",
    "filingDate": "2022-05-04",
    "acceptedDate": "2022-05-04 12:42:03",
    "fiscalYear": "2022",
    "period": "Q1",
    "revenue": 87734000000,
    "costOfRevenue": 71512000000,
    "grossProfit": 16222000000,
    "researchAndDevelopmentExpenses": 0,
    "generalAndAdministrativeExpenses": 2409000000,
    "sellingAndMarketingExpenses": 0,
    "sellingGeneralAndAdministrativeExpenses": 2409000000,
    "otherExpenses": 7727000000,
    "operatingExpenses": 10136000000,
    "costAndExpenses": 81648000000,
    "netInterestIncome": -188000000,
    "interestIncome": 0,
    "interestExpense": 188000000,
    "depreciationAndAmortization": 8883000000,
    "ebitda": 17627000000,
    "ebit": 8744000000,
    "nonOperatingIncomeExcludingInterest": -2658000000,
    "operatingIncome": 6086000000,
    "totalOtherIncomeExpensesNet": 2470000000,
    "incomeBeforeTax": 8556000000,
    "incomeTaxExpense": 2806000000,
    "netIncomeFromContinuingOperations": 5750000000,
    "netIncomeFromDiscontinuedOperations": 0,
    "otherAdjustmentsToNetIncome": 0,
    "netIncome": 5480000000,
    "netIncomeDeductions": 0,
    "bottomLineNetIncome": 5480000000,
    "eps": 1.28,
    "epsDiluted": 1.28,
    "weightedAverageShsOut": 4266000000,
    "weightedAverageShsOutDil": 4266000000
  },
  {
    "date": "2021-12-31",
    "symbol": "XOM",
    "reportedCurrency": "USD",
    "cik": "0000034088",
    "filingDate": "2022-02-23",
    "acceptedDate": "2022-02-23 16:11:16",
    "fiscalYear": "2021",
    "period": "Q4",
    "revenue": 81305000000,
    "costOfRevenue": 61933000000,
    "grossProfit": 19372000000,
    "researchAndDevelopmentExpenses": 0,
    "generalAndAdministrativeExpenses": 2514000000,
    "sellingAndMarketingExpenses": 0,
    "sellingGeneralAndAdministrativeExpenses": 2514000000,
    "otherExpenses": 8468000000,
    "operatingExpenses": 10982000000,
    "costAndExpenses": 72915000000,
    "netInterestIncome": -221000000,
    "interestIncome": 0,
    "interestExpense": 221000000,
    "depreciationAndAmortization": 5661000000,
    "ebitda": 17611000000,
    "ebit": 11950000000,
    "nonOperatingIncomeExcludingInterest": -3560000000,
    "operatingIncome": 8390000000,
    "totalOtherIncomeExpensesNet": 3339000000,
    "incomeBeforeTax": 11729000000,
    "incomeTaxExpense": 2650000000,
    "netIncomeFromContinuingOperations": 9079000000,
    "netIncomeFromDiscontinuedOperations": 0,
    "otherAdjustmentsToNetIncome": 0,
    "netIncome": 8870000000,
    "netIncomeDeductions": 0,
    "bottomLineNetIncome": 8870000000,
    "eps": 2.08,
    "epsDiluted": 2.08,
    "weightedAverageShsOut": 4264423077,
    "weightedAverageShsOutDil": 4275000000
  },
  {
    "date": "2021-09-30",
    "symbol": "XOM",
    "reportedCurrency": "USD",
    "cik": "0000034088",
    "filingDate": "2021-11-03",
    "acceptedDate": "2021-11-03 13:41:42",
    "fiscalYear": "2021",
    "period": "Q3",
    "revenue": 71892000000,
    "costOfRevenue": 53454000000,
    "grossProfit": 18438000000,
    "researchAndDevelopmentExpenses": 0,
    "generalAndAdministrativeExpenses": 2287000000,
    "sellingAndMarketingExpenses": 0,
    "sellingGeneralAndAdministrativeExpenses": 2287000000,
    "otherExpenses": 8079000000,
    "operatingExpenses": 10366000000,
    "costAndExpenses": 63820000000,
    "netInterestIncome": -214000000,
    "interestIncome": 0,
    "interestExpense": 214000000,
    "depreciationAndAmortization": 4990000000,
    "ebitda": 14810000000,
    "ebit": 9820000000,
    "nonOperatingIncomeExcludingInterest": -1748000000,
    "operatingIncome": 8072000000,
    "totalOtherIncomeExpensesNet": 1534000000,
    "incomeBeforeTax": 9606000000,
    "incomeTaxExpense": 2664000000,
    "netIncomeFromContinuingOperations": 6942000000,
    "netIncomeFromDiscontinuedOperations": 0,
    "otherAdjustmentsToNetIncome": 0,
    "netIncome": 6750000000,
    "netIncomeDeductions": 0,
    "bottomLineNetIncome": 6750000000,
    "eps": 1.58,
    "epsDiluted": 1.57,
    "weightedAverageShsOut": 4276000000,
    "weightedAverageShsOutDil": 4299363057
  },
  {
    "date": "2021-06-30",
    "symbol": "XOM",
    "reportedCurrency": "USD",
    "cik": "0000034088",
    "filingDate": "2021-08-04",
    "acceptedDate": "2021-08-04 13:38:39",
    "fiscalYear": "2021",
    "period": "Q2",
    "revenue": 65943000000,
    "costOfRevenue": 50752000000,
    "grossProfit": 15191000000,
    "researchAndDevelopmentExpenses": 0,
    "generalAndAdministrativeExpenses": 2345000000,
    "sellingAndMarketingExpenses": 0,
    "sellingGeneralAndAdministrativeExpenses": 2345000000,
    "otherExpenses": 7922000000,
    "operatingExpenses": 10267000000,
    "costAndExpenses": 61019000000,
    "netInterestIncome": -254000000,
    "interestIncome": 0,
    "interestExpense": 254000000,
    "depreciationAndAmortization": 4952000000,
    "ebitda": 11513000000,
    "ebit": 6561000000,
    "nonOperatingIncomeExcludingInterest": -1637000000,
    "operatingIncome": 4924000000,
    "totalOtherIncomeExpensesNet": 1383000000,
    "incomeBeforeTax": 6307000000,
    "incomeTaxExpense": 1526000000,
    "netIncomeFromContinuingOperations": 4781000000,
    "netIncomeFromDiscontinuedOperations": 0,
    "otherAdjustmentsToNetIncome": 0,
    "netIncome": 4690000000,
    "netIncomeDeductions": 0,
    "bottomLineNetIncome": 4690000000,
    "eps": 1.1,
    "epsDiluted": 1.1,
    "weightedAverageShsOut": 4263636364,
    "weightedAverageShsOutDil": 4276000000
  },
  {
    "date": "2021-03-31",
    "symbol": "XOM",
    "reportedCurrency": "USD",
    "cik": "0000034088",
    "filingDate": "2021-05-05",
    "acceptedDate": "2021-05-05 14:55:23",
    "fiscalYear": "2021",
    "period": "Q1",
    "revenue": 57552000000,
    "costOfRevenue": 45667000000,
    "grossProfit": 11885000000,
    "researchAndDevelopmentExpenses": 0,
    "generalAndAdministrativeExpenses": 2428000000,
    "sellingAndMarketingExpenses": 0,
    "sellingGeneralAndAdministrativeExpenses": 2428000000,
    "otherExpenses": 6824000000,
    "operatingExpenses": 9252000000,
    "costAndExpenses": 54919000000,
    "netInterestIncome": -258000000,
    "interestIncome": 0,
    "interestExpense": 258000000,
    "depreciationAndAmortization": 5004000000,
    "ebitda": 8854000000,
    "ebit": 3850000000,
    "nonOperatingIncomeExcludingInterest": -1217000000,
    "operatingIncome": 2633000000,
    "totalOtherIncomeExpensesNet": 959000000,
    "incomeBeforeTax": 3592000000,
    "incomeTaxExpense": 796000000,
    "netIncomeFromContinuingOperations": 2796000000,
    "netIncomeFromDiscontinuedOperations": 0,
    "otherAdjustmentsToNetIncome": 0,
    "netIncome": 2730000000,
    "netIncomeDeductions": 0,
    "bottomLineNetIncome": 2730000000,
    "eps": 0.64,
    "epsDiluted": 0.64,
    "weightedAverageShsOut": 4265625000,
    "weightedAverageShsOutDil": 4272000000
  },
  {
    "date": "2020-12-31",
    "symbol": "XOM",
    "reportedCurrency": "USD",
    "cik": "0000034088",
    "filingDate": "2021-02-24",
    "acceptedDate": "2021-02-24 17:01:02",
    "fiscalYear": "2020",
    "period": "Q4",
    "revenue": 45738000000,
    "costOfRevenue": 62332000000,
    "grossProfit": -16594000000,
    "researchAndDevelopmentExpenses": 0,
    "generalAndAdministrativeExpenses": 2736000000,
    "sellingAndMarketingExpenses": 0,
    "sellingGeneralAndAdministrativeExpenses": 2736000000,
    "otherExpenses": 7379000000,
    "operatingExpenses": 10115000000,
    "costAndExpenses": 72447000000,
    "netInterestIncome": -313000000,
    "interestIncome": 0,
    "interestExpense": 313000000,
    "depreciationAndAmortization": 30291000000,
    "ebitda": 3991000000,
    "ebit": -26300000000,
    "nonOperatingIncomeExcludingInterest": -409000000,
    "operatingIncome": -26709000000,
    "totalOtherIncomeExpensesNet": 96000000,
    "incomeBeforeTax": -26613000000,
    "incomeTaxExpense": -6010000000,
    "netIncomeFromContinuingOperations": -20603000000,
    "netIncomeFromDiscontinuedOperations": 0,
    "otherAdjustmentsToNetIncome": 0,
    "netIncome": -20070000000,
    "netIncomeDeductions": 0,
    "bottomLineNetIncome": -20070000000,
    "eps": -4.7,
    "epsDiluted": -4.7,
    "weightedAverageShsOut": 4270212766,
    "weightedAverageShsOutDil": 4272000000
  },
  {
    "date": "2020-09-30",
    "symbol": "XOM",
    "reportedCurrency": "USD",
    "cik": "0000034088",
    "filingDate": "2020-11-04",
    "acceptedDate": "2020-11-04 13:00:19",
    "fiscalYear": "2020",
    "period": "Q3",
    "revenue": 45425000000,
    "costOfRevenue": 36036000000,
    "grossProfit": 9389000000,
    "researchAndDevelopmentExpenses": 0,
    "generalAndAdministrativeExpenses": 2444000000,
    "sellingAndMarketingExpenses": 0,
    "sellingGeneralAndAdministrativeExpenses": 2444000000,
    "otherExpenses": 7540000000,
    "operatingExpenses": 9984000000,
    "costAndExpenses": 46020000000,
    "netInterestIncome": -279000000,
    "interestIncome": 0,
    "interestExpense": 279000000,
    "depreciationAndAmortization": 4983000000,
    "ebitda": 4890000000,
    "ebit": -93000000,
    "nonOperatingIncomeExcludingInterest": -502000000,
    "operatingIncome": -595000000,
    "totalOtherIncomeExpensesNet": 223000000,
    "incomeBeforeTax": -372000000,
    "incomeTaxExpense": 337000000,
    "netIncomeFromContinuingOperations": -709000000,
    "netIncomeFromDiscontinuedOperations": 0,
    "otherAdjustmentsToNetIncome": 0,
    "netIncome": -680000000,
    "netIncomeDeductions": 0,
    "bottomLineNetIncome": -680000000,
    "eps": -0.15,
    "epsDiluted": -0.15,
    "weightedAverageShsOut": 4533333333,
    "weightedAverageShsOutDil": 4533333333
  },
  {
    "date": "2020-06-30",
    "symbol": "XOM",
    "reportedCurrency": "USD",
    "cik": "0000034088",
    "filingDate": "2020-08-05",
    "acceptedDate": "2020-08-05 14:03:10",
    "fiscalYear": "2020",
    "period": "Q2",
    "revenue": 32277000000,
    "costOfRevenue": 25880000000,
    "grossProfit": 6397000000,
    "researchAndDevelopmentExpenses": 0,
    "generalAndAdministrativeExpenses": 2409000000,
    "sellingAndMarketingExpenses": 0,
    "sellingGeneralAndAdministrativeExpenses": 2409000000,
    "otherExpenses": 5368000000,
    "operatingExpenses": 7777000000,
    "costAndExpenses": 33657000000,
    "netInterestIncome": -317000000,
    "interestIncome": 0,
    "interestExpense": 317000000,
    "depreciationAndAmortization": 4916000000,
    "ebitda": 3593000000,
    "ebit": -1323000000,
    "nonOperatingIncomeExcludingInterest": -57000000,
    "operatingIncome": -1380000000,
    "totalOtherIncomeExpensesNet": -260000000,
    "incomeBeforeTax": -1640000000,
    "incomeTaxExpense": -471000000,
    "netIncomeFromContinuingOperations": -1169000000,
    "netIncomeFromDiscontinuedOperations": 0,
    "otherAdjustmentsToNetIncome": 0,
    "netIncome": -1080000000,
    "netIncomeDeductions": 0,
    "bottomLineNetIncome": -1080000000,
    "eps": -0.26,
    "epsDiluted": -0.25,
    "weightedAverageShsOut": 4153846154,
    "weightedAverageShsOutDil": 4271000000
  },
  {
    "date": "2020-03-31",
    "symbol": "XOM",
    "reportedCurrency": "USD",
    "cik": "0000034088",
    "filingDate": "2020-05-06",
    "acceptedDate": "2020-05-06 14:06:03",
    "fiscalYear": "2020",
    "period": "Q1",
    "revenue": 55134000000,
    "costOfRevenue": 46199000000,
    "grossProfit": 8935000000,
    "researchAndDevelopmentExpenses": 0,
    "generalAndAdministrativeExpenses": 2579000000,
    "sellingAndMarketingExpenses": 0,
    "sellingGeneralAndAdministrativeExpenses": 2579000000,
    "otherExpenses": 7120000000,
    "operatingExpenses": 9699000000,
    "costAndExpenses": 55898000000,
    "netInterestIncome": -249000000,
    "interestIncome": 0,
    "interestExpense": 249000000,
    "depreciationAndAmortization": 5819000000,
    "ebitda": 5810000000,
    "ebit": -9000000,
    "nonOperatingIncomeExcludingInterest": -755000000,
    "operatingIncome": -764000000,
    "totalOtherIncomeExpensesNet": 506000000,
    "incomeBeforeTax": -258000000,
    "incomeTaxExpense": 512000000,
    "netIncomeFromContinuingOperations": -770000000,
    "netIncomeFromDiscontinuedOperations": 0,
    "otherAdjustmentsToNetIncome": 0,
    "netIncome": -610000000,
    "netIncomeDeductions": 0,
    "bottomLineNetIncome": -610000000,
    "eps": -0.14,
    "epsDiluted": -0.14,
    "weightedAverageShsOut": 4270004270,
    "weightedAverageShsOutDil": 4357142857
  },
  {
    "date": "2019-12-31",
    "symbol": "XOM",
    "reportedCurrency": "USD",
    "cik": "0000034088",
    "filingDate": "2020-02-26",
    "acceptedDate": "2020-02-26 16:15:19",
    "fiscalYear": "2019",
    "period": "Q4",
    "revenue": 63024000000,
    "costOfRevenue": 49177000000,
    "grossProfit": 13847000000,
    "researchAndDevelopmentExpenses": 0,
    "generalAndAdministrativeExpenses": 3048000000,
    "sellingAndMarketingExpenses": 0,
    "sellingGeneralAndAdministrativeExpenses": 3048000000,
    "otherExpenses": 8126000000,
    "operatingExpenses": 11174000000,
    "costAndExpenses": 60351000000,
    "netInterestIncome": -201000000,
    "interestIncome": 0,
    "interestExpense": 201000000,
    "depreciationAndAmortization": 4923000000,
    "ebitda": 11538000000,
    "ebit": 6615000000,
    "nonOperatingIncomeExcludingInterest": -3942000000,
    "operatingIncome": 2673000000,
    "totalOtherIncomeExpensesNet": 3741000000,
    "incomeBeforeTax": 6414000000,
    "incomeTaxExpense": 684000000,
    "netIncomeFromContinuingOperations": 5730000000,
    "netIncomeFromDiscontinuedOperations": 0,
    "otherAdjustmentsToNetIncome": 0,
    "netIncome": 5690000000,
    "netIncomeDeductions": 0,
    "bottomLineNetIncome": 5690000000,
    "eps": 1.33,
    "epsDiluted": 1.33,
    "weightedAverageShsOut": 4277195332,
    "weightedAverageShsOutDil": 4278195489
  },
  {
    "date": "2019-09-30",
    "symbol": "XOM",
    "reportedCurrency": "USD",
    "cik": "0000034088",
    "filingDate": "2019-11-06",
    "acceptedDate": "2019-11-06 13:34:22",
    "fiscalYear": "2019",
    "period": "Q3",
    "revenue": 63422000000,
    "costOfRevenue": 49011000000,
    "grossProfit": 14411000000,
    "researchAndDevelopmentExpenses": 0,
    "generalAndAdministrativeExpenses": 2753000000,
    "sellingAndMarketingExpenses": 0,
    "sellingGeneralAndAdministrativeExpenses": 2753000000,
    "otherExpenses": 7975000000,
    "operatingExpenses": 10728000000,
    "costAndExpenses": 59739000000,
    "netInterestIncome": -232000000,
    "interestIncome": 0,
    "interestExpense": 232000000,
    "depreciationAndAmortization": 4873000000,
    "ebitda": 9826000000,
    "ebit": 4953000000,
    "nonOperatingIncomeExcludingInterest": -1270000000,
    "operatingIncome": 3683000000,
    "totalOtherIncomeExpensesNet": 1038000000,
    "incomeBeforeTax": 4721000000,
    "incomeTaxExpense": 1474000000,
    "netIncomeFromContinuingOperations": 3247000000,
    "netIncomeFromDiscontinuedOperations": 0,
    "otherAdjustmentsToNetIncome": 0,
    "netIncome": 3170000000,
    "netIncomeDeductions": 0,
    "bottomLineNetIncome": 3170000000,
    "eps": 0.74,
    "epsDiluted": 0.74,
    "weightedAverageShsOut": 4226666667,
    "weightedAverageShsOutDil": 4271000000
  },
  {
    "date": "2019-06-30",
    "symbol": "XOM",
    "reportedCurrency": "USD",
    "cik": "0000034088",
    "filingDate": "2019-08-07",
    "acceptedDate": "2019-08-07 12:55:10",
    "fiscalYear": "2019",
    "period": "Q2",
    "revenue": 67491000000,
    "costOfRevenue": 53095000000,
    "grossProfit": 14396000000,
    "researchAndDevelopmentExpenses": 0,
    "generalAndAdministrativeExpenses": 2827000000,
    "sellingAndMarketingExpenses": 0,
    "sellingGeneralAndAdministrativeExpenses": 2827000000,
    "otherExpenses": 8008000000,
    "operatingExpenses": 10835000000,
    "costAndExpenses": 63930000000,
    "netInterestIncome": -216000000,
    "interestIncome": 0,
    "interestExpense": 216000000,
    "depreciationAndAmortization": 4631000000,
    "ebitda": 9479000000,
    "ebit": 4848000000,
    "nonOperatingIncomeExcludingInterest": -1287000000,
    "operatingIncome": 3561000000,
    "totalOtherIncomeExpensesNet": 1071000000,
    "incomeBeforeTax": 4632000000,
    "incomeTaxExpense": 1241000000,
    "netIncomeFromContinuingOperations": 3391000000,
    "netIncomeFromDiscontinuedOperations": 0,
    "otherAdjustmentsToNetIncome": 0,
    "netIncome": 3130000000,
    "netIncomeDeductions": 0,
    "bottomLineNetIncome": 3130000000,
    "eps": 0.73,
    "epsDiluted": 0.73,
    "weightedAverageShsOut": 4287671232,
    "weightedAverageShsOutDil": 4287671233
  },
  {
    "date": "2019-03-31",
    "symbol": "XOM",
    "reportedCurrency": "USD",
    "cik": "0000034088",
    "filingDate": "2019-05-02",
    "acceptedDate": "2019-05-02 13:44:33",
    "fiscalYear": "2019",
    "period": "Q1",
    "revenue": 61646000000,
    "costOfRevenue": 48342000000,
    "grossProfit": 13304000000,
    "researchAndDevelopmentExpenses": 0,
    "generalAndAdministrativeExpenses": 2770000000,
    "sellingAndMarketingExpenses": 0,
    "sellingGeneralAndAdministrativeExpenses": 2770000000,
    "otherExpenses": 7685000000,
    "operatingExpenses": 10455000000,
    "costAndExpenses": 58797000000,
    "netInterestIncome": -181000000,
    "interestIncome": 0,
    "interestExpense": 181000000,
    "depreciationAndAmortization": 4571000000,
    "ebitda": 9041000000,
    "ebit": 4470000000,
    "nonOperatingIncomeExcludingInterest": -1621000000,
    "operatingIncome": 2849000000,
    "totalOtherIncomeExpensesNet": 1440000000,
    "incomeBeforeTax": 4289000000,
    "incomeTaxExpense": 1883000000,
    "netIncomeFromContinuingOperations": 2406000000,
    "netIncomeFromDiscontinuedOperations": 0,
    "otherAdjustmentsToNetIncome": 0,
    "netIncome": 2350000000,
    "netIncomeDeductions": 0,
    "bottomLineNetIncome": 2350000000,
    "eps": 0.55,
    "epsDiluted": 0.55,
    "weightedAverageShsOut": 4272727272,
    "weightedAverageShsOutDil": 4272727273
  },
  {
    "date": "2018-12-31",
    "symbol": "XOM",
    "reportedCurrency": "USD",
    "cik": "0000034088",
    "filingDate": "2019-02-27",
    "acceptedDate": "2019-02-27 16:19:37",
    "fiscalYear": "2018",
    "period": "Q4",
    "revenue": 68253000000,
    "costOfRevenue": 51985000000,
    "grossProfit": 16268000000,
    "researchAndDevelopmentExpenses": 0,
    "generalAndAdministrativeExpenses": 2848000000,
    "sellingAndMarketingExpenses": 0,
    "sellingGeneralAndAdministrativeExpenses": 2848000000,
    "otherExpenses": 8393000000,
    "operatingExpenses": 11241000000,
    "costAndExpenses": 63226000000,
    "netInterestIncome": -215000000,
    "interestIncome": 0,
    "interestExpense": 215000000,
    "depreciationAndAmortization": 5028000000,
    "ebitda": 13364000000,
    "ebit": 8336000000,
    "nonOperatingIncomeExcludingInterest": -3309000000,
    "operatingIncome": 5027000000,
    "totalOtherIncomeExpensesNet": 3094000000,
    "incomeBeforeTax": 8121000000,
    "incomeTaxExpense": 1915000000,
    "netIncomeFromContinuingOperations": 6206000000,
    "netIncomeFromDiscontinuedOperations": 0,
    "otherAdjustmentsToNetIncome": 0,
    "netIncome": 6000000000,
    "netIncomeDeductions": 0,
    "bottomLineNetIncome": 6000000000,
    "eps": 1.41,
    "epsDiluted": 1.41,
    "weightedAverageShsOut": 4255319149,
    "weightedAverageShsOutDil": 4255319149
  },
  {
    "date": "2018-09-30",
    "symbol": "XOM",
    "reportedCurrency": "USD",
    "cik": "0000034088",
    "filingDate": "2018-11-07",
    "acceptedDate": "2018-11-07 12:29:54",
    "fiscalYear": "2018",
    "period": "Q3",
    "revenue": 74187000000,
    "costOfRevenue": 55531000000,
    "grossProfit": 18656000000,
    "researchAndDevelopmentExpenses": 0,
    "generalAndAdministrativeExpenses": 2892000000,
    "sellingAndMarketingExpenses": 0,
    "sellingGeneralAndAdministrativeExpenses": 2892000000,
    "otherExpenses": 8595000000,
    "operatingExpenses": 11487000000,
    "costAndExpenses": 67018000000,
    "netInterestIncome": -200000000,
    "interestIncome": 0,
    "interestExpense": 200000000,
    "depreciationAndAmortization": 4658000000,
    "ebitda": 13938000000,
    "ebit": 9280000000,
    "nonOperatingIncomeExcludingInterest": -2111000000,
    "operatingIncome": 7169000000,
    "totalOtherIncomeExpensesNet": 1911000000,
    "incomeBeforeTax": 9080000000,
    "incomeTaxExpense": 2634000000,
    "netIncomeFromContinuingOperations": 6446000000,
    "netIncomeFromDiscontinuedOperations": 0,
    "otherAdjustmentsToNetIncome": 0,
    "netIncome": 6240000000,
    "netIncomeDeductions": 0,
    "bottomLineNetIncome": 6240000000,
    "eps": 1.46,
    "epsDiluted": 1.46,
    "weightedAverageShsOut": 4273972602,
    "weightedAverageShsOutDil": 4273972603
  },
  {
    "date": "2018-06-30",
    "symbol": "XOM",
    "reportedCurrency": "USD",
    "cik": "0000034088",
    "filingDate": "2018-08-02",
    "acceptedDate": "2018-08-02 12:13:22",
    "fiscalYear": "2018",
    "period": "Q2",
    "revenue": 71456000000,
    "costOfRevenue": 54834000000,
    "grossProfit": 16622000000,
    "researchAndDevelopmentExpenses": 0,
    "generalAndAdministrativeExpenses": 2993000000,
    "sellingAndMarketingExpenses": 0,
    "sellingGeneralAndAdministrativeExpenses": 2993000000,
    "otherExpenses": 8707000000,
    "operatingExpenses": 11700000000,
    "costAndExpenses": 66534000000,
    "netInterestIncome": -147000000,
    "interestIncome": 0,
    "interestExpense": 147000000,
    "depreciationAndAmortization": 4589000000,
    "ebitda": 11248000000,
    "ebit": 6659000000,
    "nonOperatingIncomeExcludingInterest": -1737000000,
    "operatingIncome": 4922000000,
    "totalOtherIncomeExpensesNet": 1590000000,
    "incomeBeforeTax": 6512000000,
    "incomeTaxExpense": 2526000000,
    "netIncomeFromContinuingOperations": 3986000000,
    "netIncomeFromDiscontinuedOperations": 0,
    "otherAdjustmentsToNetIncome": 0,
    "netIncome": 3950000000,
    "netIncomeDeductions": 0,
    "bottomLineNetIncome": 3950000000,
    "eps": 0.92,
    "epsDiluted": 0.92,
    "weightedAverageShsOut": 4271000000,
    "weightedAverageShsOutDil": 4271000000
  },
  {
    "date": "2018-03-31",
    "symbol": "XOM",
    "reportedCurrency": "USD",
    "cik": "0000034088",
    "filingDate": "2018-05-03",
    "acceptedDate": "2018-05-03 12:16:43",
    "fiscalYear": "2018",
    "period": "Q1",
    "revenue": 65436000000,
    "costOfRevenue": 49249000000,
    "grossProfit": 16187000000,
    "researchAndDevelopmentExpenses": 0,
    "generalAndAdministrativeExpenses": 2747000000,
    "sellingAndMarketingExpenses": 0,
    "sellingGeneralAndAdministrativeExpenses": 2747000000,
    "otherExpenses": 8434000000,
    "operatingExpenses": 11181000000,
    "costAndExpenses": 60430000000,
    "netInterestIncome": -204000000,
    "interestIncome": 0,
    "interestExpense": 204000000,
    "depreciationAndAmortization": 4470000000,
    "ebitda": 11914000000,
    "ebit": 7444000000,
    "nonOperatingIncomeExcludingInterest": -2438000000,
    "operatingIncome": 5006000000,
    "totalOtherIncomeExpensesNet": 2234000000,
    "incomeBeforeTax": 7240000000,
    "incomeTaxExpense": 2457000000,
    "netIncomeFromContinuingOperations": 4783000000,
    "netIncomeFromDiscontinuedOperations": 0,
    "otherAdjustmentsToNetIncome": 0,
    "netIncome": 4650000000,
    "netIncomeDeductions": 0,
    "bottomLineNetIncome": 4650000000,
    "eps": 1.09,
    "epsDiluted": 1.09,
    "weightedAverageShsOut": 4270000000,
    "weightedAverageShsOutDil": 4270000000
  },
  {
    "date": "2017-12-31",
    "symbol": "XOM",
    "reportedCurrency": "USD",
    "cik": "0000034088",
    "filingDate": "2018-02-28",
    "acceptedDate": "2018-02-28 16:39:51",
    "fiscalYear": "2017",
    "period": "Q4",
    "revenue": 50832000000,
    "costOfRevenue": 34821000000,
    "grossProfit": 16011000000,
    "researchAndDevelopmentExpenses": 0,
    "generalAndAdministrativeExpenses": 3004000000,
    "sellingAndMarketingExpenses": 0,
    "sellingGeneralAndAdministrativeExpenses": 3004000000,
    "otherExpenses": 11007000000,
    "operatingExpenses": 14011000000,
    "costAndExpenses": 48832000000,
    "netInterestIncome": -186000000,
    "interestIncome": 0,
    "interestExpense": 186000000,
    "depreciationAndAmortization": 5842000000,
    "ebitda": 9045000000,
    "ebit": 3203000000,
    "nonOperatingIncomeExcludingInterest": -1203000000,
    "operatingIncome": 2000000000,
    "totalOtherIncomeExpensesNet": 1017000000,
    "incomeBeforeTax": 3017000000,
    "incomeTaxExpense": -5392000000,
    "netIncomeFromContinuingOperations": 8409000000,
    "netIncomeFromDiscontinuedOperations": 0,
    "otherAdjustmentsToNetIncome": 0,
    "netIncome": 8380000000,
    "netIncomeDeductions": 0,
    "bottomLineNetIncome": 8380000000,
    "eps": 1.97,
    "epsDiluted": 1.97,
    "weightedAverageShsOut": 4262392473,
    "weightedAverageShsOutDil": 4270000000
  },
  {
    "date": "2017-09-30",
    "symbol": "XOM",
    "reportedCurrency": "USD",
    "cik": "0000034088",
    "filingDate": "2017-11-01",
    "acceptedDate": "2017-11-01 15:51:48",
    "fiscalYear": "2017",
    "period": "Q3",
    "revenue": 59350000000,
    "costOfRevenue": 44264000000,
    "grossProfit": 15086000000,
    "researchAndDevelopmentExpenses": 0,
    "generalAndAdministrativeExpenses": 2632000000,
    "sellingAndMarketingExpenses": 0,
    "sellingGeneralAndAdministrativeExpenses": 2632000000,
    "otherExpenses": 8035000000,
    "operatingExpenses": 10667000000,
    "costAndExpenses": 54931000000,
    "netInterestIncome": -111000000,
    "interestIncome": 0,
    "interestExpense": 111000000,
    "depreciationAndAmortization": 4880000000,
    "ebitda": 10574000000,
    "ebit": 5694000000,
    "nonOperatingIncomeExcludingInterest": -1275000000,
    "operatingIncome": 4419000000,
    "totalOtherIncomeExpensesNet": 1164000000,
    "incomeBeforeTax": 5583000000,
    "incomeTaxExpense": 1498000000,
    "netIncomeFromContinuingOperations": 4085000000,
    "netIncomeFromDiscontinuedOperations": 0,
    "otherAdjustmentsToNetIncome": 0,
    "netIncome": 3970000000,
    "netIncomeDeductions": 0,
    "bottomLineNetIncome": 3970000000,
    "eps": 0.93,
    "epsDiluted": 0.93,
    "weightedAverageShsOut": 4271000000,
    "weightedAverageShsOutDil": 4271000000
  },
  {
    "date": "2017-06-30",
    "symbol": "XOM",
    "reportedCurrency": "USD",
    "cik": "0000034088",
    "filingDate": "2017-08-02",
    "acceptedDate": "2017-08-02 12:19:33",
    "fiscalYear": "2017",
    "period": "Q2",
    "revenue": 56026000000,
    "costOfRevenue": 42906000000,
    "grossProfit": 13120000000,
    "researchAndDevelopmentExpenses": 0,
    "generalAndAdministrativeExpenses": 2556000000,
    "sellingAndMarketingExpenses": 0,
    "sellingGeneralAndAdministrativeExpenses": 2556000000,
    "otherExpenses": 7882000000,
    "operatingExpenses": 10438000000,
    "costAndExpenses": 53344000000,
    "netInterestIncome": -158000000,
    "interestIncome": 0,
    "interestExpense": 158000000,
    "depreciationAndAmortization": 4652000000,
    "ebitda": 8966000000,
    "ebit": 4314000000,
    "nonOperatingIncomeExcludingInterest": -1632000000,
    "operatingIncome": 2682000000,
    "totalOtherIncomeExpensesNet": 1474000000,
    "incomeBeforeTax": 4156000000,
    "incomeTaxExpense": 892000000,
    "netIncomeFromContinuingOperations": 3264000000,
    "netIncomeFromDiscontinuedOperations": 0,
    "otherAdjustmentsToNetIncome": 0,
    "netIncome": 3350000000,
    "netIncomeDeductions": 0,
    "bottomLineNetIncome": 3350000000,
    "eps": 0.78,
    "epsDiluted": 0.78,
    "weightedAverageShsOut": 4294871794,
    "weightedAverageShsOutDil": 4294871795
  },
  {
    "date": "2017-03-31",
    "symbol": "XOM",
    "reportedCurrency": "USD",
    "cik": "0000034088",
    "filingDate": "2017-05-03",
    "acceptedDate": "2017-05-03 14:32:17",
    "fiscalYear": "2017",
    "period": "Q1",
    "revenue": 56474000000,
    "costOfRevenue": 42444000000,
    "grossProfit": 14030000000,
    "researchAndDevelopmentExpenses": 0,
    "generalAndAdministrativeExpenses": 2505000000,
    "sellingAndMarketingExpenses": 0,
    "sellingGeneralAndAdministrativeExpenses": 2505000000,
    "otherExpenses": 7285000000,
    "operatingExpenses": 9790000000,
    "costAndExpenses": 52234000000,
    "netInterestIncome": -146000000,
    "interestIncome": 0,
    "interestExpense": 146000000,
    "depreciationAndAmortization": 4519000000,
    "ebitda": 10583000000,
    "ebit": 6064000000,
    "nonOperatingIncomeExcludingInterest": -1824000000,
    "operatingIncome": 4240000000,
    "totalOtherIncomeExpensesNet": 1678000000,
    "incomeBeforeTax": 5918000000,
    "incomeTaxExpense": 1828000000,
    "netIncomeFromContinuingOperations": 4090000000,
    "netIncomeFromDiscontinuedOperations": 0,
    "otherAdjustmentsToNetIncome": 0,
    "netIncome": 4010000000,
    "netIncomeDeductions": 0,
    "bottomLineNetIncome": 4010000000,
    "eps": 0.95,
    "epsDiluted": 0.95,
    "weightedAverageShsOut": 4221052632,
    "weightedAverageShsOutDil": 4221052632
  },
  {
    "date": "2016-12-31",
    "symbol": "XOM",
    "reportedCurrency": "USD",
    "cik": "0000034088",
    "filingDate": "2017-02-22",
    "acceptedDate": "2017-02-22 16:47:56",
    "fiscalYear": "2016",
    "period": "Q4",
    "revenue": 58376000000,
    "costOfRevenue": 50400000000,
    "grossProfit": 7976000000,
    "researchAndDevelopmentExpenses": 0,
    "generalAndAdministrativeExpenses": 2824000000,
    "sellingAndMarketingExpenses": 0,
    "sellingGeneralAndAdministrativeExpenses": 2824000000,
    "otherExpenses": 6980000000,
    "operatingExpenses": 9804000000,
    "costAndExpenses": 60204000000,
    "netInterestIncome": -195000000,
    "interestIncome": 0,
    "interestExpense": 195000000,
    "depreciationAndAmortization": 8117000000,
    "ebitda": 8929000000,
    "ebit": 812000000,
    "nonOperatingIncomeExcludingInterest": -2640000000,
    "operatingIncome": -1828000000,
    "totalOtherIncomeExpensesNet": 2445000000,
    "incomeBeforeTax": 617000000,
    "incomeTaxExpense": -1407000000,
    "netIncomeFromContinuingOperations": 2024000000,
    "netIncomeFromDiscontinuedOperations": 0,
    "otherAdjustmentsToNetIncome": 0,
    "netIncome": 1680000000,
    "netIncomeDeductions": 0,
    "bottomLineNetIncome": 1680000000,
    "eps": 0.41,
    "epsDiluted": 0.41,
    "weightedAverageShsOut": 4097560976,
    "weightedAverageShsOutDil": 4097560976
  },
  {
    "date": "2016-09-30",
    "symbol": "XOM",
    "reportedCurrency": "USD",
    "cik": "0000034088",
    "filingDate": "2016-11-03",
    "acceptedDate": "2016-11-03 11:10:42",
    "fiscalYear": "2016",
    "period": "Q3",
    "revenue": 56767000000,
    "costOfRevenue": 45786000000,
    "grossProfit": 10981000000,
    "researchAndDevelopmentExpenses": 0,
    "generalAndAdministrativeExpenses": 2736000000,
    "sellingAndMarketingExpenses": 0,
    "sellingGeneralAndAdministrativeExpenses": 2736000000,
    "otherExpenses": 6823000000,
    "operatingExpenses": 9559000000,
    "costAndExpenses": 55345000000,
    "netInterestIncome": -106000000,
    "interestIncome": 0,
    "interestExpense": 106000000,
    "depreciationAndAmortization": 4605000000,
    "ebitda": 7937000000,
    "ebit": 3332000000,
    "nonOperatingIncomeExcludingInterest": -1910000000,
    "operatingIncome": 1422000000,
    "totalOtherIncomeExpensesNet": 1804000000,
    "incomeBeforeTax": 3226000000,
    "incomeTaxExpense": 337000000,
    "netIncomeFromContinuingOperations": 2889000000,
    "netIncomeFromDiscontinuedOperations": 0,
    "otherAdjustmentsToNetIncome": 0,
    "netIncome": 2650000000,
    "netIncomeDeductions": 0,
    "bottomLineNetIncome": 2650000000,
    "eps": 0.63,
    "epsDiluted": 0.63,
    "weightedAverageShsOut": 4206349206,
    "weightedAverageShsOutDil": 4206349206
  },
  {
    "date": "2016-06-30",
    "symbol": "XOM",
    "reportedCurrency": "USD",
    "cik": "0000034088",
    "filingDate": "2016-08-03",
    "acceptedDate": "2016-08-03 12:10:47",
    "fiscalYear": "2016",
    "period": "Q2",
    "revenue": 56360000000,
    "costOfRevenue": 45462000000,
    "grossProfit": 10898000000,
    "researchAndDevelopmentExpenses": 0,
    "generalAndAdministrativeExpenses": 2646000000,
    "sellingAndMarketingExpenses": 0,
    "sellingGeneralAndAdministrativeExpenses": 2646000000,
    "otherExpenses": 7115000000,
    "operatingExpenses": 9761000000,
    "costAndExpenses": 55223000000,
    "netInterestIncome": -75000000,
    "interestIncome": 0,
    "interestExpense": 75000000,
    "depreciationAndAmortization": 4821000000,
    "ebitda": 7292000000,
    "ebit": 2471000000,
    "nonOperatingIncomeExcludingInterest": -1334000000,
    "operatingIncome": 1137000000,
    "totalOtherIncomeExpensesNet": 1259000000,
    "incomeBeforeTax": 2396000000,
    "incomeTaxExpense": 715000000,
    "netIncomeFromContinuingOperations": 1681000000,
    "netIncomeFromDiscontinuedOperations": 0,
    "otherAdjustmentsToNetIncome": 0,
    "netIncome": 1700000000,
    "netIncomeDeductions": 0,
    "bottomLineNetIncome": 1700000000,
    "eps": 0.41,
    "epsDiluted": 0.41,
    "weightedAverageShsOut": 4146341463,
    "weightedAverageShsOutDil": 4146341463
  },
  {
    "date": "2016-03-31",
    "symbol": "XOM",
    "reportedCurrency": "USD",
    "cik": "0000034088",
    "filingDate": "2016-05-04",
    "acceptedDate": "2016-05-04 12:16:40",
    "fiscalYear": "2016",
    "period": "Q1",
    "revenue": 47105000000,
    "costOfRevenue": 37848000000,
    "grossProfit": 9257000000,
    "researchAndDevelopmentExpenses": 0,
    "generalAndAdministrativeExpenses": 2593000000,
    "sellingAndMarketingExpenses": 0,
    "sellingGeneralAndAdministrativeExpenses": 2593000000,
    "otherExpenses": 6459000000,
    "operatingExpenses": 9052000000,
    "costAndExpenses": 46900000000,
    "netInterestIncome": -77000000,
    "interestIncome": 0,
    "interestExpense": 77000000,
    "depreciationAndAmortization": 4765000000,
    "ebitda": 6572000000,
    "ebit": 1807000000,
    "nonOperatingIncomeExcludingInterest": -1602000000,
    "operatingIncome": 205000000,
    "totalOtherIncomeExpensesNet": 1525000000,
    "incomeBeforeTax": 1730000000,
    "incomeTaxExpense": -51000000,
    "netIncomeFromContinuingOperations": 1781000000,
    "netIncomeFromDiscontinuedOperations": 0,
    "otherAdjustmentsToNetIncome": 0,
    "netIncome": 1810000000,
    "netIncomeDeductions": 0,
    "bottomLineNetIncome": 1810000000,
    "eps": 0.43,
    "epsDiluted": 0.43,
    "weightedAverageShsOut": 4178000000,
    "weightedAverageShsOutDil": 4178000000
  },
  {
    "date": "2015-12-31",
    "symbol": "XOM",
    "reportedCurrency": "USD",
    "cik": "0000034088",
    "filingDate": "2016-02-24",
    "acceptedDate": "2016-02-24 16:09:22",
    "fiscalYear": "2015",
    "period": "Q4",
    "revenue": 57691000000,
    "costOfRevenue": 46850000000,
    "grossProfit": 10841000000,
    "researchAndDevelopmentExpenses": 0,
    "generalAndAdministrativeExpenses": 2990000000,
    "sellingAndMarketingExpenses": 0,
    "sellingGeneralAndAdministrativeExpenses": 2990000000,
    "otherExpenses": 7279000000,
    "operatingExpenses": 10269000000,
    "costAndExpenses": 57119000000,
    "netInterestIncome": -60000000,
    "interestIncome": 0,
    "interestExpense": 60000000,
    "depreciationAndAmortization": 4755000000,
    "ebitda": 7443000000,
    "ebit": 2688000000,
    "nonOperatingIncomeExcludingInterest": -2116000000,
    "operatingIncome": 572000000,
    "totalOtherIncomeExpensesNet": 2056000000,
    "incomeBeforeTax": 2628000000,
    "incomeTaxExpense": -202000000,
    "netIncomeFromContinuingOperations": 2830000000,
    "netIncomeFromDiscontinuedOperations": 0,
    "otherAdjustmentsToNetIncome": 0,
    "netIncome": 2780000000,
    "netIncomeDeductions": 0,
    "bottomLineNetIncome": 2780000000,
    "eps": 0.67,
    "epsDiluted": 0.67,
    "weightedAverageShsOut": 4149253731,
    "weightedAverageShsOutDil": 4149253731
  },
  {
    "date": "2015-09-30",
    "symbol": "XOM",
    "reportedCurrency": "USD",
    "cik": "0000034088",
    "filingDate": "2015-11-04",
    "acceptedDate": "2015-11-04 11:56:53",
    "fiscalYear": "2015",
    "period": "Q3",
    "revenue": 65679000000,
    "costOfRevenue": 51245000000,
    "grossProfit": 14434000000,
    "researchAndDevelopmentExpenses": 0,
    "generalAndAdministrativeExpenses": 2967000000,
    "sellingAndMarketingExpenses": 0,
    "sellingGeneralAndAdministrativeExpenses": 2967000000,
    "otherExpenses": 7305000000,
    "operatingExpenses": 10272000000,
    "costAndExpenses": 61517000000,
    "netInterestIncome": -78000000,
    "interestIncome": 0,
    "interestExpense": 78000000,
    "depreciationAndAmortization": 4542000000,
    "ebitda": 10369000000,
    "ebit": 5827000000,
    "nonOperatingIncomeExcludingInterest": -1665000000,
    "operatingIncome": 4162000000,
    "totalOtherIncomeExpensesNet": 1587000000,
    "incomeBeforeTax": 5749000000,
    "incomeTaxExpense": 1365000000,
    "netIncomeFromContinuingOperations": 4384000000,
    "netIncomeFromDiscontinuedOperations": 0,
    "otherAdjustmentsToNetIncome": 0,
    "netIncome": 4240000000,
    "netIncomeDeductions": 0,
    "bottomLineNetIncome": 4240000000,
    "eps": 1.01,
    "epsDiluted": 1.01,
    "weightedAverageShsOut": 4198019801,
    "weightedAverageShsOutDil": 4198019802
  },
  {
    "date": "2015-06-30",
    "symbol": "XOM",
    "reportedCurrency": "USD",
    "cik": "0000034088",
    "filingDate": "2015-08-05",
    "acceptedDate": "2015-08-05 11:45:57",
    "fiscalYear": "2015",
    "period": "Q2",
    "revenue": 71360000000,
    "costOfRevenue": 56963000000,
    "grossProfit": 14397000000,
    "researchAndDevelopmentExpenses": 0,
    "generalAndAdministrativeExpenses": 2831000000,
    "sellingAndMarketingExpenses": 0,
    "sellingGeneralAndAdministrativeExpenses": 2831000000,
    "otherExpenses": 7280000000,
    "operatingExpenses": 10111000000,
    "costAndExpenses": 67074000000,
    "netInterestIncome": -85000000,
    "interestIncome": 0,
    "interestExpense": 85000000,
    "depreciationAndAmortization": 4451000000,
    "ebitda": 11490000000,
    "ebit": 7039000000,
    "nonOperatingIncomeExcludingInterest": -2753000000,
    "operatingIncome": 4286000000,
    "totalOtherIncomeExpensesNet": 2668000000,
    "incomeBeforeTax": 6954000000,
    "incomeTaxExpense": 2692000000,
    "netIncomeFromContinuingOperations": 4262000000,
    "netIncomeFromDiscontinuedOperations": 0,
    "otherAdjustmentsToNetIncome": 0,
    "netIncome": 4190000000,
    "netIncomeDeductions": 0,
    "bottomLineNetIncome": 4190000000,
    "eps": 1,
    "epsDiluted": 1,
    "weightedAverageShsOut": 4190000000,
    "weightedAverageShsOutDil": 4190000000
  },
  {
    "date": "2015-03-31",
    "symbol": "XOM",
    "reportedCurrency": "USD",
    "cik": "0000034088",
    "filingDate": "2015-05-06",
    "acceptedDate": "2015-05-06 12:03:45",
    "fiscalYear": "2015",
    "period": "Q1",
    "revenue": 64758000000,
    "costOfRevenue": 51258000000,
    "grossProfit": 13500000000,
    "researchAndDevelopmentExpenses": 0,
    "generalAndAdministrativeExpenses": 2713000000,
    "sellingAndMarketingExpenses": 0,
    "sellingGeneralAndAdministrativeExpenses": 2713000000,
    "otherExpenses": 6924000000,
    "operatingExpenses": 9637000000,
    "costAndExpenses": 60895000000,
    "netInterestIncome": -88000000,
    "interestIncome": 0,
    "interestExpense": 88000000,
    "depreciationAndAmortization": 4300000000,
    "ebitda": 11023000000,
    "ebit": 6723000000,
    "nonOperatingIncomeExcludingInterest": -2860000000,
    "operatingIncome": 3863000000,
    "totalOtherIncomeExpensesNet": 2772000000,
    "incomeBeforeTax": 6635000000,
    "incomeTaxExpense": 1560000000,
    "netIncomeFromContinuingOperations": 5075000000,
    "netIncomeFromDiscontinuedOperations": 0,
    "otherAdjustmentsToNetIncome": 0,
    "netIncome": 4940000000,
    "netIncomeDeductions": 0,
    "bottomLineNetIncome": 4940000000,
    "eps": 1.17,
    "epsDiluted": 1.17,
    "weightedAverageShsOut": 4222222222,
    "weightedAverageShsOutDil": 4222222222
  },
  {
    "date": "2014-12-31",
    "symbol": "XOM",
    "reportedCurrency": "USD",
    "cik": "0000034088",
    "filingDate": "2015-02-25",
    "acceptedDate": "2015-02-25 16:26:23",
    "fiscalYear": "2014",
    "period": "Q4",
    "revenue": 82621000000,
    "costOfRevenue": 65917000000,
    "grossProfit": 16704000000,
    "researchAndDevelopmentExpenses": 0,
    "generalAndAdministrativeExpenses": 3128000000,
    "sellingAndMarketingExpenses": 0,
    "sellingGeneralAndAdministrativeExpenses": 3128000000,
    "otherExpenses": 8074000000,
    "operatingExpenses": 11202000000,
    "costAndExpenses": 77119000000,
    "netInterestIncome": -68000000,
    "interestIncome": 0,
    "interestExpense": 68000000,
    "depreciationAndAmortization": 4458000000,
    "ebitda": 13368000000,
    "ebit": 8910000000,
    "nonOperatingIncomeExcludingInterest": -3408000000,
    "operatingIncome": 5502000000,
    "totalOtherIncomeExpensesNet": 3340000000,
    "incomeBeforeTax": 8842000000,
    "incomeTaxExpense": 2060000000,
    "netIncomeFromContinuingOperations": 6782000000,
    "netIncomeFromDiscontinuedOperations": 0,
    "otherAdjustmentsToNetIncome": 0,
    "netIncome": 6570000000,
    "netIncomeDeductions": 0,
    "bottomLineNetIncome": 6570000000,
    "eps": 1.56,
    "epsDiluted": 1.56,
    "weightedAverageShsOut": 4211538462,
    "weightedAverageShsOutDil": 4211538462
  },
  {
    "date": "2014-09-30",
    "symbol": "XOM",
    "reportedCurrency": "USD",
    "cik": "0000034088",
    "filingDate": "2014-11-05",
    "acceptedDate": "2014-11-05 12:09:44",
    "fiscalYear": "2014",
    "period": "Q3",
    "revenue": 103206000000,
    "costOfRevenue": 81900000000,
    "grossProfit": 21306000000,
    "researchAndDevelopmentExpenses": 0,
    "generalAndAdministrativeExpenses": 3169000000,
    "sellingAndMarketingExpenses": 0,
    "sellingGeneralAndAdministrativeExpenses": 3169000000,
    "otherExpenses": 8563000000,
    "operatingExpenses": 11732000000,
    "costAndExpenses": 93632000000,
    "netInterestIncome": -88000000,
    "interestIncome": 0,
    "interestExpense": 88000000,
    "depreciationAndAmortization": 4362000000,
    "ebitda": 17860000000,
    "ebit": 13498000000,
    "nonOperatingIncomeExcludingInterest": -3924000000,
    "operatingIncome": 9574000000,
    "totalOtherIncomeExpensesNet": 3836000000,
    "incomeBeforeTax": 13410000000,
    "incomeTaxExpense": 5064000000,
    "netIncomeFromContinuingOperations": 8346000000,
    "netIncomeFromDiscontinuedOperations": 0,
    "otherAdjustmentsToNetIncome": 0,
    "netIncome": 8070000000,
    "netIncomeDeductions": 0,
    "bottomLineNetIncome": 8070000000,
    "eps": 1.89,
    "epsDiluted": 1.89,
    "weightedAverageShsOut": 4267000000,
    "weightedAverageShsOutDil": 4267000000
  },
  {
    "date": "2014-06-30",
    "symbol": "XOM",
    "reportedCurrency": "USD",
    "cik": "0000034088",
    "filingDate": "2014-08-06",
    "acceptedDate": "2014-08-06 12:07:03",
    "fiscalYear": "2014",
    "period": "Q2",
    "revenue": 105719000000,
    "costOfRevenue": 84844000000,
    "grossProfit": 20875000000,
    "researchAndDevelopmentExpenses": 0,
    "generalAndAdministrativeExpenses": 3169000000,
    "sellingAndMarketingExpenses": 0,
    "sellingGeneralAndAdministrativeExpenses": 3169000000,
    "otherExpenses": 8980000000,
    "operatingExpenses": 12149000000,
    "costAndExpenses": 96993000000,
    "netInterestIncome": -64000000,
    "interestIncome": 0,
    "interestExpense": 64000000,
    "depreciationAndAmortization": 4285000000,
    "ebitda": 18500000000,
    "ebit": 14215000000,
    "nonOperatingIncomeExcludingInterest": -5489000000,
    "operatingIncome": 8726000000,
    "totalOtherIncomeExpensesNet": 5425000000,
    "incomeBeforeTax": 14151000000,
    "incomeTaxExpense": 5034000000,
    "netIncomeFromContinuingOperations": 9117000000,
    "netIncomeFromDiscontinuedOperations": 0,
    "otherAdjustmentsToNetIncome": 0,
    "netIncome": 8780000000,
    "netIncomeDeductions": 0,
    "bottomLineNetIncome": 8780000000,
    "eps": 2.04,
    "epsDiluted": 2.04,
    "weightedAverageShsOut": 4282926829,
    "weightedAverageShsOutDil": 4282926829
  },
  {
    "date": "2014-03-31",
    "symbol": "XOM",
    "reportedCurrency": "USD",
    "cik": "0000034088",
    "filingDate": "2014-05-07",
    "acceptedDate": "2014-05-07 12:02:50",
    "fiscalYear": "2014",
    "period": "Q1",
    "revenue": 101312000000,
    "costOfRevenue": 79562000000,
    "grossProfit": 21750000000,
    "researchAndDevelopmentExpenses": 0,
    "generalAndAdministrativeExpenses": 3132000000,
    "sellingAndMarketingExpenses": 0,
    "sellingGeneralAndAdministrativeExpenses": 3132000000,
    "otherExpenses": 8338000000,
    "operatingExpenses": 11470000000,
    "costAndExpenses": 91032000000,
    "netInterestIncome": -66000000,
    "interestIncome": 0,
    "interestExpense": 66000000,
    "depreciationAndAmortization": 4192000000,
    "ebitda": 19485000000,
    "ebit": 15293000000,
    "nonOperatingIncomeExcludingInterest": -5013000000,
    "operatingIncome": 10280000000,
    "totalOtherIncomeExpensesNet": 4947000000,
    "incomeBeforeTax": 15227000000,
    "incomeTaxExpense": 5857000000,
    "netIncomeFromContinuingOperations": 9370000000,
    "netIncomeFromDiscontinuedOperations": 0,
    "otherAdjustmentsToNetIncome": 0,
    "netIncome": 9100000000,
    "netIncomeDeductions": 0,
    "bottomLineNetIncome": 9100000000,
    "eps": 2.1,
    "epsDiluted": 2.1,
    "weightedAverageShsOut": 4333333333,
    "weightedAverageShsOutDil": 4333333333
  },
  {
    "date": "2013-12-31",
    "symbol": "XOM",
    "reportedCurrency": "USD",
    "cik": "0000034088",
    "filingDate": "2014-02-26",
    "acceptedDate": "2014-02-26 16:07:02",
    "fiscalYear": "2013",
    "period": "Q4",
    "revenue": 106018000000,
    "costOfRevenue": 83780000000,
    "grossProfit": 22238000000,
    "researchAndDevelopmentExpenses": 0,
    "generalAndAdministrativeExpenses": 3341000000,
    "sellingAndMarketingExpenses": 0,
    "sellingGeneralAndAdministrativeExpenses": 3341000000,
    "otherExpenses": 9175000000,
    "operatingExpenses": 12516000000,
    "costAndExpenses": 96296000000,
    "netInterestIncome": 152000000,
    "interestIncome": 152000000,
    "interestExpense": 0,
    "depreciationAndAmortization": 4380000000,
    "ebitda": 18944000000,
    "ebit": 14564000000,
    "nonOperatingIncomeExcludingInterest": -4842000000,
    "operatingIncome": 9722000000,
    "totalOtherIncomeExpensesNet": 4994000000,
    "incomeBeforeTax": 14716000000,
    "incomeTaxExpense": 6073000000,
    "netIncomeFromContinuingOperations": 8643000000,
    "netIncomeFromDiscontinuedOperations": 0,
    "otherAdjustmentsToNetIncome": 0,
    "netIncome": 8350000000,
    "netIncomeDeductions": 0,
    "bottomLineNetIncome": 8350000000,
    "eps": 1.91,
    "epsDiluted": 1.91,
    "weightedAverageShsOut": 4371727749,
    "weightedAverageShsOutDil": 4371727749
  },
  {
    "date": "2013-09-30",
    "symbol": "XOM",
    "reportedCurrency": "USD",
    "cik": "0000034088",
    "filingDate": "2013-11-05",
    "acceptedDate": "2013-11-05 12:08:04",
    "fiscalYear": "2013",
    "period": "Q3",
    "revenue": 108390000000,
    "costOfRevenue": 85972000000,
    "grossProfit": 22418000000,
    "researchAndDevelopmentExpenses": 0,
    "generalAndAdministrativeExpenses": 3150000000,
    "sellingAndMarketingExpenses": 0,
    "sellingGeneralAndAdministrativeExpenses": 3150000000,
    "otherExpenses": 9009000000,
    "operatingExpenses": 12159000000,
    "costAndExpenses": 98131000000,
    "netInterestIncome": -52000000,
    "interestIncome": 0,
    "interestExpense": 52000000,
    "depreciationAndAmortization": 4287000000,
    "ebitda": 18528000000,
    "ebit": 14241000000,
    "nonOperatingIncomeExcludingInterest": -3982000000,
    "operatingIncome": 10259000000,
    "totalOtherIncomeExpensesNet": 3930000000,
    "incomeBeforeTax": 14189000000,
    "incomeTaxExpense": 6120000000,
    "netIncomeFromContinuingOperations": 8069000000,
    "netIncomeFromDiscontinuedOperations": 0,
    "otherAdjustmentsToNetIncome": 0,
    "netIncome": 7870000000,
    "netIncomeDeductions": 0,
    "bottomLineNetIncome": 7870000000,
    "eps": 1.79,
    "epsDiluted": 1.79,
    "weightedAverageShsOut": 4396648044,
    "weightedAverageShsOutDil": 4396648045
  },
  {
    "date": "2013-06-30",
    "symbol": "XOM",
    "reportedCurrency": "USD",
    "cik": "0000034088",
    "filingDate": "2013-08-06",
    "acceptedDate": "2013-08-06 11:54:46",
    "fiscalYear": "2013",
    "period": "Q2",
    "revenue": 103050000000,
    "costOfRevenue": 81913000000,
    "grossProfit": 21137000000,
    "researchAndDevelopmentExpenses": 0,
    "generalAndAdministrativeExpenses": 3268000000,
    "sellingAndMarketingExpenses": 0,
    "sellingGeneralAndAdministrativeExpenses": 3268000000,
    "otherExpenses": 8632000000,
    "operatingExpenses": 11900000000,
    "costAndExpenses": 93813000000,
    "netInterestIncome": -85000000,
    "interestIncome": 0,
    "interestExpense": 85000000,
    "depreciationAndAmortization": 4405000000,
    "ebitda": 17258000000,
    "ebit": 12853000000,
    "nonOperatingIncomeExcludingInterest": -3616000000,
    "operatingIncome": 9237000000,
    "totalOtherIncomeExpensesNet": 3531000000,
    "incomeBeforeTax": 12768000000,
    "incomeTaxExpense": 5793000000,
    "netIncomeFromContinuingOperations": 6975000000,
    "netIncomeFromDiscontinuedOperations": 0,
    "otherAdjustmentsToNetIncome": 0,
    "netIncome": 6860000000,
    "netIncomeDeductions": 0,
    "bottomLineNetIncome": 6860000000,
    "eps": 1.55,
    "epsDiluted": 1.55,
    "weightedAverageShsOut": 4425806452,
    "weightedAverageShsOutDil": 4425806452
  },
  {
    "date": "2013-03-31",
    "symbol": "XOM",
    "reportedCurrency": "USD",
    "cik": "0000034088",
    "filingDate": "2013-05-02",
    "acceptedDate": "2013-05-02 11:50:47",
    "fiscalYear": "2013",
    "period": "Q1",
    "revenue": 103378000000,
    "costOfRevenue": 80787000000,
    "grossProfit": 22591000000,
    "researchAndDevelopmentExpenses": 0,
    "generalAndAdministrativeExpenses": 3118000000,
    "sellingAndMarketingExpenses": 0,
    "sellingGeneralAndAdministrativeExpenses": 3118000000,
    "otherExpenses": 8390000000,
    "operatingExpenses": 11508000000,
    "costAndExpenses": 92295000000,
    "netInterestIncome": -24000000,
    "interestIncome": 0,
    "interestExpense": 24000000,
    "depreciationAndAmortization": 4110000000,
    "ebitda": 20172000000,
    "ebit": 16062000000,
    "nonOperatingIncomeExcludingInterest": -4979000000,
    "operatingIncome": 11083000000,
    "totalOtherIncomeExpensesNet": 4955000000,
    "incomeBeforeTax": 16038000000,
    "incomeTaxExpense": 6277000000,
    "netIncomeFromContinuingOperations": 9761000000,
    "netIncomeFromDiscontinuedOperations": 0,
    "otherAdjustmentsToNetIncome": 0,
    "netIncome": 9500000000,
    "netIncomeDeductions": 0,
    "bottomLineNetIncome": 9500000000,
    "eps": 2.12,
    "epsDiluted": 2.12,
    "weightedAverageShsOut": 4481132075,
    "weightedAverageShsOutDil": 4481132075
  },
  {
    "date": "2012-12-31",
    "symbol": "XOM",
    "reportedCurrency": "USD",
    "cik": "0000034088",
    "filingDate": "2013-02-27",
    "acceptedDate": "2013-02-27 16:05:06",
    "fiscalYear": "2012",
    "period": "Q4",
    "revenue": 97248000000,
    "costOfRevenue": 97196000000,
    "grossProfit": 52000000,
    "researchAndDevelopmentExpenses": 0,
    "generalAndAdministrativeExpenses": 0,
    "sellingAndMarketingExpenses": 0,
    "sellingGeneralAndAdministrativeExpenses": 3322000000,
    "otherExpenses": -3156000000,
    "operatingExpenses": 166000000,
    "costAndExpenses": 97362000000,
    "netInterestIncome": -111000000,
    "interestIncome": 0,
    "interestExpense": 111000000,
    "depreciationAndAmortization": 4110000000,
    "ebitda": 21921000000,
    "ebit": 17811000000,
    "nonOperatingIncomeExcludingInterest": -17925000000,
    "operatingIncome": -114000000,
    "totalOtherIncomeExpensesNet": 17814000000,
    "incomeBeforeTax": 17700000000,
    "incomeTaxExpense": 7398000000,
    "netIncomeFromContinuingOperations": 10302000000,
    "netIncomeFromDiscontinuedOperations": 0,
    "otherAdjustmentsToNetIncome": 0,
    "netIncome": 9950000000,
    "netIncomeDeductions": 0,
    "bottomLineNetIncome": 9950000000,
    "eps": 2.2,
    "epsDiluted": 2.19,
    "weightedAverageShsOut": 4522727273,
    "weightedAverageShsOutDil": 4522727273
  },
  {
    "date": "2012-09-30",
    "symbol": "XOM",
    "reportedCurrency": "USD",
    "cik": "0000034088",
    "filingDate": "2012-09-30",
    "acceptedDate": "2012-09-29 20:00:00",
    "fiscalYear": "2012",
    "period": "Q3",
    "revenue": 110989000000,
    "costOfRevenue": 85917000000,
    "grossProfit": 25072000000,
    "researchAndDevelopmentExpenses": 0,
    "generalAndAdministrativeExpenses": 3468000000,
    "sellingAndMarketingExpenses": 0,
    "sellingGeneralAndAdministrativeExpenses": 3468000000,
    "otherExpenses": 8377000000,
    "operatingExpenses": 11845000000,
    "costAndExpenses": 97762000000,
    "netInterestIncome": -59000000,
    "interestIncome": 0,
    "interestExpense": 59000000,
    "depreciationAndAmortization": 4037000000,
    "ebitda": 21416000000,
    "ebit": 17379000000,
    "nonOperatingIncomeExcludingInterest": -4152000000,
    "operatingIncome": 13227000000,
    "totalOtherIncomeExpensesNet": 4093000000,
    "incomeBeforeTax": 17320000000,
    "incomeTaxExpense": 7394000000,
    "netIncomeFromContinuingOperations": 9926000000,
    "netIncomeFromDiscontinuedOperations": 0,
    "otherAdjustmentsToNetIncome": 0,
    "netIncome": 9570000000,
    "netIncomeDeductions": 0,
    "bottomLineNetIncome": 9570000000,
    "eps": 2.09,
    "epsDiluted": 2.09,
    "weightedAverageShsOut": 4578947368,
    "weightedAverageShsOutDil": 4597000000
  },
  {
    "date": "2012-06-30",
    "symbol": "XOM",
    "reportedCurrency": "USD",
    "cik": "0000034088",
    "filingDate": "2012-08-02",
    "acceptedDate": "2012-08-02 13:10:52",
    "fiscalYear": "2012",
    "period": "Q2",
    "revenue": 112745000000,
    "costOfRevenue": 88057000000,
    "grossProfit": 24688000000,
    "researchAndDevelopmentExpenses": 0,
    "generalAndAdministrativeExpenses": 3486000000,
    "sellingAndMarketingExpenses": 0,
    "sellingGeneralAndAdministrativeExpenses": 3486000000,
    "otherExpenses": 9579000000,
    "operatingExpenses": 13065000000,
    "costAndExpenses": 101122000000,
    "netInterestIncome": -50000000,
    "interestIncome": 0,
    "interestExpense": 50000000,
    "depreciationAndAmortization": 3899000000,
    "ebitda": 30140000000,
    "ebit": 26241000000,
    "nonOperatingIncomeExcludingInterest": -14618000000,
    "operatingIncome": 11623000000,
    "totalOtherIncomeExpensesNet": 14568000000,
    "incomeBeforeTax": 26191000000,
    "incomeTaxExpense": 8537000000,
    "netIncomeFromContinuingOperations": 17654000000,
    "netIncomeFromDiscontinuedOperations": 0,
    "otherAdjustmentsToNetIncome": 0,
    "netIncome": 15910000000,
    "netIncomeDeductions": 0,
    "bottomLineNetIncome": 15910000000,
    "eps": 3.41,
    "epsDiluted": 3.41,
    "weightedAverageShsOut": 4665689150,
    "weightedAverageShsOutDil": 4665689150
  },
  {
    "date": "2012-03-31",
    "symbol": "XOM",
    "reportedCurrency": "USD",
    "cik": "0000034088",
    "filingDate": "2012-05-03",
    "acceptedDate": "2012-05-03 14:56:03",
    "fiscalYear": "2012",
    "period": "Q1",
    "revenue": 119189000000,
    "costOfRevenue": 92010000000,
    "grossProfit": 27179000000,
    "researchAndDevelopmentExpenses": 0,
    "generalAndAdministrativeExpenses": 3601000000,
    "sellingAndMarketingExpenses": 0,
    "sellingGeneralAndAdministrativeExpenses": 3601000000,
    "otherExpenses": 10820000000,
    "operatingExpenses": 14421000000,
    "costAndExpenses": 106431000000,
    "netInterestIncome": -107000000,
    "interestIncome": 0,
    "interestExpense": 107000000,
    "depreciationAndAmortization": 3842000000,
    "ebitda": 21464000000,
    "ebit": 17622000000,
    "nonOperatingIncomeExcludingInterest": -4864000000,
    "operatingIncome": 12758000000,
    "totalOtherIncomeExpensesNet": 4757000000,
    "incomeBeforeTax": 17515000000,
    "incomeTaxExpense": 7716000000,
    "netIncomeFromContinuingOperations": 9799000000,
    "netIncomeFromDiscontinuedOperations": 0,
    "otherAdjustmentsToNetIncome": 0,
    "netIncome": 9450000000,
    "netIncomeDeductions": 0,
    "bottomLineNetIncome": 9450000000,
    "eps": 2,
    "epsDiluted": 2,
    "weightedAverageShsOut": 4725000000,
    "weightedAverageShsOutDil": 4725000000
  },
  {
    "date": "2011-12-31",
    "symbol": "XOM",
    "reportedCurrency": "USD",
    "cik": "0000034088",
    "filingDate": "2012-02-24",
    "acceptedDate": "2012-02-24 16:08:32",
    "fiscalYear": "2011",
    "period": "Q4",
    "revenue": 117782000000,
    "costOfRevenue": 86018000000,
    "grossProfit": 31764000000,
    "researchAndDevelopmentExpenses": 0,
    "generalAndAdministrativeExpenses": 0,
    "sellingAndMarketingExpenses": 0,
    "sellingGeneralAndAdministrativeExpenses": 3911000000,
    "otherExpenses": 14564000000,
    "operatingExpenses": 18475000000,
    "costAndExpenses": 104493000000,
    "netInterestIncome": -75000000,
    "interestIncome": 0,
    "interestExpense": 75000000,
    "depreciationAndAmortization": 4075000000,
    "ebitda": 21191000000,
    "ebit": 17116000000,
    "nonOperatingIncomeExcludingInterest": -3827000000,
    "operatingIncome": 13289000000,
    "totalOtherIncomeExpensesNet": 3752000000,
    "incomeBeforeTax": 17041000000,
    "incomeTaxExpense": 7317000000,
    "netIncomeFromContinuingOperations": 9724000000,
    "netIncomeFromDiscontinuedOperations": 0,
    "otherAdjustmentsToNetIncome": 0,
    "netIncome": 9400000000,
    "netIncomeDeductions": 0,
    "bottomLineNetIncome": 9400000000,
    "eps": 1.97,
    "epsDiluted": 1.97,
    "weightedAverageShsOut": 4771573604,
    "weightedAverageShsOutDil": 4775000000
  },
  {
    "date": "2011-09-30",
    "symbol": "XOM",
    "reportedCurrency": "USD",
    "cik": "0000034088",
    "filingDate": "2011-11-03",
    "acceptedDate": "2011-11-03 11:41:58",
    "fiscalYear": "2011",
    "period": "Q3",
    "revenue": 121415000000,
    "costOfRevenue": 87972000000,
    "grossProfit": 33443000000,
    "researchAndDevelopmentExpenses": 0,
    "generalAndAdministrativeExpenses": 0,
    "sellingAndMarketingExpenses": 0,
    "sellingGeneralAndAdministrativeExpenses": 3764000000,
    "otherExpenses": 14816000000,
    "operatingExpenses": 18580000000,
    "costAndExpenses": 106552000000,
    "netInterestIncome": -98000000,
    "interestIncome": 0,
    "interestExpense": 98000000,
    "depreciationAndAmortization": 3866000000,
    "ebitda": 22644000000,
    "ebit": 18778000000,
    "nonOperatingIncomeExcludingInterest": -3915000000,
    "operatingIncome": 14863000000,
    "totalOtherIncomeExpensesNet": 3817000000,
    "incomeBeforeTax": 18680000000,
    "incomeTaxExpense": 8009000000,
    "netIncomeFromContinuingOperations": 10671000000,
    "netIncomeFromDiscontinuedOperations": 0,
    "otherAdjustmentsToNetIncome": 0,
    "netIncome": 10330000000,
    "netIncomeDeductions": 0,
    "bottomLineNetIncome": 10330000000,
    "eps": 2.13,
    "epsDiluted": 2.13,
    "weightedAverageShsOut": 4849765258,
    "weightedAverageShsOutDil": 4849765258
  },
  {
    "date": "2011-06-30",
    "symbol": "XOM",
    "reportedCurrency": "USD",
    "cik": "0000034088",
    "filingDate": "2011-08-04",
    "acceptedDate": "2011-08-04 12:19:05",
    "fiscalYear": "2011",
    "period": "Q2",
    "revenue": 121766000000,
    "costOfRevenue": 79769000000,
    "grossProfit": 41997000000,
    "researchAndDevelopmentExpenses": 0,
    "generalAndAdministrativeExpenses": 0,
    "sellingAndMarketingExpenses": 0,
    "sellingGeneralAndAdministrativeExpenses": 3681000000,
    "otherExpenses": 14759000000,
    "operatingExpenses": 18440000000,
    "costAndExpenses": 98209000000,
    "netInterestIncome": -45000000,
    "interestIncome": 0,
    "interestExpense": 45000000,
    "depreciationAndAmortization": 3881000000,
    "ebitda": 22545000000,
    "ebit": 18664000000,
    "nonOperatingIncomeExcludingInterest": 4893000000,
    "operatingIncome": 23557000000,
    "totalOtherIncomeExpensesNet": -4938000000,
    "incomeBeforeTax": 18619000000,
    "incomeTaxExpense": 7721000000,
    "netIncomeFromContinuingOperations": 10898000000,
    "netIncomeFromDiscontinuedOperations": 0,
    "otherAdjustmentsToNetIncome": 0,
    "netIncome": 10680000000,
    "netIncomeDeductions": 0,
    "bottomLineNetIncome": 10680000000,
    "eps": 2.19,
    "epsDiluted": 2.18,
    "weightedAverageShsOut": 4906000000,
    "weightedAverageShsOutDil": 4912000000
  },
  {
    "date": "2011-03-31",
    "symbol": "XOM",
    "reportedCurrency": "USD",
    "cik": "0000034088",
    "filingDate": "2011-05-05",
    "acceptedDate": "2011-05-05 12:53:46",
    "fiscalYear": "2011",
    "period": "Q1",
    "revenue": 110177000000,
    "costOfRevenue": 77933000000,
    "grossProfit": 32244000000,
    "researchAndDevelopmentExpenses": 0,
    "generalAndAdministrativeExpenses": 0,
    "sellingAndMarketingExpenses": 0,
    "sellingGeneralAndAdministrativeExpenses": 3627000000,
    "otherExpenses": 13498000000,
    "operatingExpenses": 17125000000,
    "costAndExpenses": 95058000000,
    "netInterestIncome": -29000000,
    "interestIncome": 0,
    "interestExpense": 29000000,
    "depreciationAndAmortization": 3761000000,
    "ebitda": 22707000000,
    "ebit": 18946000000,
    "nonOperatingIncomeExcludingInterest": -3827000000,
    "operatingIncome": 15119000000,
    "totalOtherIncomeExpensesNet": 3798000000,
    "incomeBeforeTax": 18917000000,
    "incomeTaxExpense": 8004000000,
    "netIncomeFromContinuingOperations": 10913000000,
    "netIncomeFromDiscontinuedOperations": 0,
    "otherAdjustmentsToNetIncome": 0,
    "netIncome": 10650000000,
    "netIncomeDeductions": 0,
    "bottomLineNetIncome": 10650000000,
    "eps": 2.14,
    "epsDiluted": 2.14,
    "weightedAverageShsOut": 4963000000,
    "weightedAverageShsOutDil": 4971000000
  },
  {
    "date": "2010-12-31",
    "symbol": "XOM",
    "reportedCurrency": "USD",
    "cik": "0000034088",
    "filingDate": "2011-02-25",
    "acceptedDate": "2011-02-25 16:07:35",
    "fiscalYear": "2010",
    "period": "Q4",
    "revenue": 101733000000,
    "costOfRevenue": 92376000000,
    "grossProfit": 9357000000,
    "researchAndDevelopmentExpenses": 0,
    "generalAndAdministrativeExpenses": 0,
    "sellingAndMarketingExpenses": 0,
    "sellingGeneralAndAdministrativeExpenses": 3855000000,
    "otherExpenses": -6482000000,
    "operatingExpenses": -2627000000,
    "costAndExpenses": 89749000000,
    "netInterestIncome": -110000000,
    "interestIncome": 0,
    "interestExpense": 110000000,
    "depreciationAndAmortization": 4270000000,
    "ebitda": 19707000000,
    "ebit": 15437000000,
    "nonOperatingIncomeExcludingInterest": -3453000000,
    "operatingIncome": 11984000000,
    "totalOtherIncomeExpensesNet": 3343000000,
    "incomeBeforeTax": 15327000000,
    "incomeTaxExpense": 5811000000,
    "netIncomeFromContinuingOperations": 9516000000,
    "netIncomeFromDiscontinuedOperations": 0,
    "otherAdjustmentsToNetIncome": 0,
    "netIncome": 9250000000,
    "netIncomeDeductions": 0,
    "bottomLineNetIncome": 9250000000,
    "eps": 1.86,
    "epsDiluted": 1.86,
    "weightedAverageShsOut": 4963000000,
    "weightedAverageShsOutDil": 4971000000
  },
  {
    "date": "2010-09-30",
    "symbol": "XOM",
    "reportedCurrency": "USD",
    "cik": "0000034088",
    "filingDate": "2010-11-03",
    "acceptedDate": "2010-11-03 15:42:58",
    "fiscalYear": "2010",
    "period": "Q3",
    "revenue": 92855000000,
    "costOfRevenue": 65029000000,
    "grossProfit": 27826000000,
    "researchAndDevelopmentExpenses": 0,
    "generalAndAdministrativeExpenses": 0,
    "sellingAndMarketingExpenses": 0,
    "sellingGeneralAndAdministrativeExpenses": 3707000000,
    "otherExpenses": 13650000000,
    "operatingExpenses": 17357000000,
    "costAndExpenses": 82386000000,
    "netInterestIncome": -54000000,
    "interestIncome": 0,
    "interestExpense": 54000000,
    "depreciationAndAmortization": 3844000000,
    "ebitda": 16756000000,
    "ebit": 12912000000,
    "nonOperatingIncomeExcludingInterest": -2443000000,
    "operatingIncome": 10469000000,
    "totalOtherIncomeExpensesNet": 2389000000,
    "incomeBeforeTax": 12858000000,
    "incomeTaxExpense": 5297000000,
    "netIncomeFromContinuingOperations": 7561000000,
    "netIncomeFromDiscontinuedOperations": 0,
    "otherAdjustmentsToNetIncome": 0,
    "netIncome": 7350000000,
    "netIncomeDeductions": 0,
    "bottomLineNetIncome": 7350000000,
    "eps": 1.44,
    "epsDiluted": 1.44,
    "weightedAverageShsOut": 5076000000,
    "weightedAverageShsOutDil": 5089000000
  },
  {
    "date": "2010-06-30",
    "symbol": "XOM",
    "reportedCurrency": "USD",
    "cik": "0000034088",
    "filingDate": "2010-08-04",
    "acceptedDate": "2010-08-04 15:04:53",
    "fiscalYear": "2010",
    "period": "Q2",
    "revenue": 90242000000,
    "costOfRevenue": 63791000000,
    "grossProfit": 26451000000,
    "researchAndDevelopmentExpenses": 0,
    "generalAndAdministrativeExpenses": 0,
    "sellingAndMarketingExpenses": 0,
    "sellingGeneralAndAdministrativeExpenses": 3607000000,
    "otherExpenses": 12342000000,
    "operatingExpenses": 15949000000,
    "costAndExpenses": 79740000000,
    "netInterestIncome": -40000000,
    "interestIncome": 0,
    "interestExpense": 40000000,
    "depreciationAndAmortization": 3366000000,
    "ebitda": 16112000000,
    "ebit": 12746000000,
    "nonOperatingIncomeExcludingInterest": -2244000000,
    "operatingIncome": 10502000000,
    "totalOtherIncomeExpensesNet": 2204000000,
    "incomeBeforeTax": 12706000000,
    "incomeTaxExpense": 4960000000,
    "netIncomeFromContinuingOperations": 7746000000,
    "netIncomeFromDiscontinuedOperations": 0,
    "otherAdjustmentsToNetIncome": 0,
    "netIncome": 7560000000,
    "netIncomeDeductions": 0,
    "bottomLineNetIncome": 7560000000,
    "eps": 1.61,
    "epsDiluted": 1.6,
    "weightedAverageShsOut": 4716000000,
    "weightedAverageShsOutDil": 4729000000
  },
  {
    "date": "2010-03-31",
    "symbol": "XOM",
    "reportedCurrency": "USD",
    "cik": "0000034088",
    "filingDate": "2010-05-06",
    "acceptedDate": "2010-05-06 13:53:44",
    "fiscalYear": "2010",
    "period": "Q1",
    "revenue": 87714000000,
    "costOfRevenue": 62035000000,
    "grossProfit": 25679000000,
    "researchAndDevelopmentExpenses": 0,
    "generalAndAdministrativeExpenses": 0,
    "sellingAndMarketingExpenses": 0,
    "sellingGeneralAndAdministrativeExpenses": 3514000000,
    "otherExpenses": 12579000000,
    "operatingExpenses": 16093000000,
    "costAndExpenses": 78128000000,
    "netInterestIncome": -55000000,
    "interestIncome": 0,
    "interestExpense": 55000000,
    "depreciationAndAmortization": 3280000000,
    "ebitda": 15403000000,
    "ebit": 12123000000,
    "nonOperatingIncomeExcludingInterest": -2537000000,
    "operatingIncome": 9586000000,
    "totalOtherIncomeExpensesNet": 2482000000,
    "incomeBeforeTax": 12068000000,
    "incomeTaxExpense": 5493000000,
    "netIncomeFromContinuingOperations": 6575000000,
    "netIncomeFromDiscontinuedOperations": 0,
    "otherAdjustmentsToNetIncome": 0,
    "netIncome": 6300000000,
    "netIncomeDeductions": 0,
    "bottomLineNetIncome": 6300000000,
    "eps": 1.33,
    "epsDiluted": 1.33,
    "weightedAverageShsOut": 4722000000,
    "weightedAverageShsOutDil": 4736000000
  },
  {
    "date": "2009-12-31",
    "symbol": "XOM",
    "reportedCurrency": "USD",
    "cik": "0000034088",
    "filingDate": "2010-02-26",
    "acceptedDate": "2010-02-26 16:17:17",
    "fiscalYear": "2009",
    "period": "Q4",
    "revenue": 87426000000,
    "costOfRevenue": 55342000000,
    "grossProfit": 32084000000,
    "researchAndDevelopmentExpenses": 0,
    "generalAndAdministrativeExpenses": 0,
    "sellingAndMarketingExpenses": 0,
    "sellingGeneralAndAdministrativeExpenses": 3881000000,
    "otherExpenses": 20376000000,
    "operatingExpenses": 24257000000,
    "costAndExpenses": 79599000000,
    "netInterestIncome": -36000000,
    "interestIncome": 0,
    "interestExpense": 36000000,
    "depreciationAndAmortization": 3193000000,
    "ebitda": 13435000000,
    "ebit": 10242000000,
    "nonOperatingIncomeExcludingInterest": -2415000000,
    "operatingIncome": 7827000000,
    "totalOtherIncomeExpensesNet": 2379000000,
    "incomeBeforeTax": 10206000000,
    "incomeTaxExpense": 4067000000,
    "netIncomeFromContinuingOperations": 6139000000,
    "netIncomeFromDiscontinuedOperations": 0,
    "otherAdjustmentsToNetIncome": 0,
    "netIncome": 6050000000,
    "netIncomeDeductions": 0,
    "bottomLineNetIncome": 6050000000,
    "eps": 1.28,
    "epsDiluted": 1.28,
    "weightedAverageShsOut": 4722000000,
    "weightedAverageShsOutDil": 4736000000
  },
  {
    "date": "2009-09-30",
    "symbol": "XOM",
    "reportedCurrency": "USD",
    "cik": "0000034088",
    "filingDate": "2009-11-05",
    "acceptedDate": "2009-11-05 14:18:41",
    "fiscalYear": "2009",
    "period": "Q3",
    "revenue": 80585000000,
    "costOfRevenue": 49786000000,
    "grossProfit": 30799000000,
    "researchAndDevelopmentExpenses": 0,
    "generalAndAdministrativeExpenses": 0,
    "sellingAndMarketingExpenses": 0,
    "sellingGeneralAndAdministrativeExpenses": 3887000000,
    "otherExpenses": 19321000000,
    "operatingExpenses": 23208000000,
    "costAndExpenses": 72994000000,
    "netInterestIncome": -62000000,
    "interestIncome": 0,
    "interestExpense": 62000000,
    "depreciationAndAmortization": 2927000000,
    "ebitda": 12193000000,
    "ebit": 9266000000,
    "nonOperatingIncomeExcludingInterest": -1675000000,
    "operatingIncome": 7591000000,
    "totalOtherIncomeExpensesNet": 1613000000,
    "incomeBeforeTax": 9204000000,
    "incomeTaxExpense": 4333000000,
    "netIncomeFromContinuingOperations": 4871000000,
    "netIncomeFromDiscontinuedOperations": 0,
    "otherAdjustmentsToNetIncome": 0,
    "netIncome": 4730000000,
    "netIncomeDeductions": 0,
    "bottomLineNetIncome": 4730000000,
    "eps": 0.98,
    "epsDiluted": 0.98,
    "weightedAverageShsOut": 4784000000,
    "weightedAverageShsOutDil": 4784000000
  },
  {
    "date": "2009-06-30",
    "symbol": "XOM",
    "reportedCurrency": "USD",
    "cik": "0000034088",
    "filingDate": "2009-08-05",
    "acceptedDate": "2009-08-05 14:45:57",
    "fiscalYear": "2009",
    "period": "Q2",
    "revenue": 74457000000,
    "costOfRevenue": 51638000000,
    "grossProfit": 22819000000,
    "researchAndDevelopmentExpenses": 0,
    "generalAndAdministrativeExpenses": 0,
    "sellingAndMarketingExpenses": 0,
    "sellingGeneralAndAdministrativeExpenses": 3519000000,
    "otherExpenses": 11440000000,
    "operatingExpenses": 14959000000,
    "costAndExpenses": 66597000000,
    "netInterestIncome": -343000000,
    "interestIncome": 0,
    "interestExpense": 343000000,
    "depreciationAndAmortization": 3004000000,
    "ebitda": 10864000000,
    "ebit": 7860000000,
    "nonOperatingIncomeExcludingInterest": 0,
    "operatingIncome": 7860000000,
    "totalOtherIncomeExpensesNet": -343000000,
    "incomeBeforeTax": 7517000000,
    "incomeTaxExpense": 3571000000,
    "netIncomeFromContinuingOperations": 3946000000,
    "netIncomeFromDiscontinuedOperations": 0,
    "otherAdjustmentsToNetIncome": 0,
    "netIncome": 3950000000,
    "netIncomeDeductions": 0,
    "bottomLineNetIncome": 3950000000,
    "eps": 0.82,
    "epsDiluted": 0.81,
    "weightedAverageShsOut": 4817073171,
    "weightedAverageShsOutDil": 4871000000
  },
  {
    "date": "2009-03-31",
    "symbol": "XOM",
    "reportedCurrency": "USD",
    "cik": "0000034088",
    "filingDate": "2009-05-05",
    "acceptedDate": "2009-05-05 11:44:38",
    "fiscalYear": "2009",
    "period": "Q1",
    "revenue": 64028000000,
    "costOfRevenue": 41679000000,
    "grossProfit": 22349000000,
    "researchAndDevelopmentExpenses": 0,
    "generalAndAdministrativeExpenses": 0,
    "sellingAndMarketingExpenses": 0,
    "sellingGeneralAndAdministrativeExpenses": 3448000000,
    "otherExpenses": 10944000000,
    "operatingExpenses": 14392000000,
    "costAndExpenses": 56071000000,
    "netInterestIncome": -107000000,
    "interestIncome": 0,
    "interestExpense": 107000000,
    "depreciationAndAmortization": 2793000000,
    "ebitda": 10750000000,
    "ebit": 7957000000,
    "nonOperatingIncomeExcludingInterest": 0,
    "operatingIncome": 7957000000,
    "totalOtherIncomeExpensesNet": -107000000,
    "incomeBeforeTax": 7850000000,
    "incomeTaxExpense": 3148000000,
    "netIncomeFromContinuingOperations": 4702000000,
    "netIncomeFromDiscontinuedOperations": 0,
    "otherAdjustmentsToNetIncome": 0,
    "netIncome": 4550000000,
    "netIncomeDeductions": 0,
    "bottomLineNetIncome": 4550000000,
    "eps": 0.92,
    "epsDiluted": 0.92,
    "weightedAverageShsOut": 4937000000,
    "weightedAverageShsOutDil": 4959000000
  },
  {
    "date": "2008-12-31",
    "symbol": "XOM",
    "reportedCurrency": "USD",
    "cik": "0000034088",
    "filingDate": "2009-02-27",
    "acceptedDate": "2009-02-27 16:16:54",
    "fiscalYear": "2008",
    "period": "Q4",
    "revenue": 84696000000,
    "costOfRevenue": 47926000000,
    "grossProfit": 36770000000,
    "researchAndDevelopmentExpenses": 0,
    "generalAndAdministrativeExpenses": 0,
    "sellingAndMarketingExpenses": 0,
    "sellingGeneralAndAdministrativeExpenses": 3859000000,
    "otherExpenses": 11783000000,
    "operatingExpenses": 15642000000,
    "costAndExpenses": 63568000000,
    "netInterestIncome": 0,
    "interestIncome": 0,
    "interestExpense": 0,
    "depreciationAndAmortization": 3177000000,
    "ebitda": 24305000000,
    "ebit": 21128000000,
    "nonOperatingIncomeExcludingInterest": 0,
    "operatingIncome": 21128000000,
    "totalOtherIncomeExpensesNet": -7933000000,
    "incomeBeforeTax": 13195000000,
    "incomeTaxExpense": 5375000000,
    "netIncomeFromContinuingOperations": 7820000000,
    "netIncomeFromDiscontinuedOperations": 0,
    "otherAdjustmentsToNetIncome": 604000000,
    "netIncome": 7820000000,
    "netIncomeDeductions": 0,
    "bottomLineNetIncome": 7820000000,
    "eps": 1.58,
    "epsDiluted": 1.58,
    "weightedAverageShsOut": 4937000000,
    "weightedAverageShsOutDil": 4959000000
  },
  {
    "date": "2008-09-30",
    "symbol": "XOM",
    "reportedCurrency": "USD",
    "cik": "0000034088",
    "filingDate": "2008-11-04",
    "acceptedDate": "2008-11-04 15:45:50",
    "fiscalYear": "2008",
    "period": "Q3",
    "revenue": 134913000000,
    "costOfRevenue": 83176000000,
    "grossProfit": 51737000000,
    "researchAndDevelopmentExpenses": 0,
    "generalAndAdministrativeExpenses": 0,
    "sellingAndMarketingExpenses": 0,
    "sellingGeneralAndAdministrativeExpenses": 3823000000,
    "otherExpenses": 23727000000,
    "operatingExpenses": 27550000000,
    "costAndExpenses": 110726000000,
    "netInterestIncome": -318000000,
    "interestIncome": 0,
    "interestExpense": 318000000,
    "depreciationAndAmortization": 3008000000,
    "ebitda": 30019000000,
    "ebit": 27011000000,
    "nonOperatingIncomeExcludingInterest": -2824000000,
    "operatingIncome": 24187000000,
    "totalOtherIncomeExpensesNet": 2506000000,
    "incomeBeforeTax": 26693000000,
    "incomeTaxExpense": 11327000000,
    "netIncomeFromContinuingOperations": 15366000000,
    "netIncomeFromDiscontinuedOperations": 0,
    "otherAdjustmentsToNetIncome": 0,
    "netIncome": 14830000000,
    "netIncomeDeductions": 0,
    "bottomLineNetIncome": 14830000000,
    "eps": 2.89,
    "epsDiluted": 2.86,
    "weightedAverageShsOut": 5102000000,
    "weightedAverageShsOutDil": 5185314685
  },
  {
    "date": "2008-06-30",
    "symbol": "XOM",
    "reportedCurrency": "USD",
    "cik": "0000034088",
    "filingDate": "2008-08-05",
    "acceptedDate": "2008-08-05 15:28:07",
    "fiscalYear": "2008",
    "period": "Q2",
    "revenue": 138072000000,
    "costOfRevenue": 96637000000,
    "grossProfit": 41435000000,
    "researchAndDevelopmentExpenses": 0,
    "generalAndAdministrativeExpenses": 0,
    "sellingAndMarketingExpenses": 0,
    "sellingGeneralAndAdministrativeExpenses": 4389000000,
    "otherExpenses": 14508000000,
    "operatingExpenses": 18897000000,
    "costAndExpenses": 115534000000,
    "netInterestIncome": -107000000,
    "interestIncome": 0,
    "interestExpense": 107000000,
    "depreciationAndAmortization": 3090000000,
    "ebitda": 25628000000,
    "ebit": 22538000000,
    "nonOperatingIncomeExcludingInterest": 0,
    "operatingIncome": 22538000000,
    "totalOtherIncomeExpensesNet": -107000000,
    "incomeBeforeTax": 22431000000,
    "incomeTaxExpense": 10526000000,
    "netIncomeFromContinuingOperations": 11905000000,
    "netIncomeFromDiscontinuedOperations": 0,
    "otherAdjustmentsToNetIncome": 0,
    "netIncome": 11680000000,
    "netIncomeDeductions": 0,
    "bottomLineNetIncome": 11680000000,
    "eps": 2.25,
    "epsDiluted": 2.22,
    "weightedAverageShsOut": 5201000000,
    "weightedAverageShsOutDil": 5261000000
  },
  {
    "date": "2008-03-31",
    "symbol": "XOM",
    "reportedCurrency": "USD",
    "cik": "0000034088",
    "filingDate": "2008-05-06",
    "acceptedDate": "2008-05-06 14:33:28",
    "fiscalYear": "2008",
    "period": "Q1",
    "revenue": 116854000000,
    "costOfRevenue": 78638000000,
    "grossProfit": 38216000000,
    "researchAndDevelopmentExpenses": 0,
    "generalAndAdministrativeExpenses": 0,
    "sellingAndMarketingExpenses": 0,
    "sellingGeneralAndAdministrativeExpenses": 3802000000,
    "otherExpenses": 13810000000,
    "operatingExpenses": 17612000000,
    "costAndExpenses": 96250000000,
    "netInterestIncome": -130000000,
    "interestIncome": 0,
    "interestExpense": 130000000,
    "depreciationAndAmortization": 3104000000,
    "ebitda": 23708000000,
    "ebit": 20604000000,
    "nonOperatingIncomeExcludingInterest": 0,
    "operatingIncome": 20604000000,
    "totalOtherIncomeExpensesNet": -130000000,
    "incomeBeforeTax": 20474000000,
    "incomeTaxExpense": 9302000000,
    "netIncomeFromContinuingOperations": 11172000000,
    "netIncomeFromDiscontinuedOperations": 0,
    "otherAdjustmentsToNetIncome": 0,
    "netIncome": 10890000000,
    "netIncomeDeductions": 0,
    "bottomLineNetIncome": 10890000000,
    "eps": 2.05,
    "epsDiluted": 2.03,
    "weightedAverageShsOut": 5312195122,
    "weightedAverageShsOutDil": 5364532020
  },
  {
    "date": "2007-12-31",
    "symbol": "XOM",
    "reportedCurrency": "USD",
    "cik": "0000034088",
    "filingDate": "2008-02-28",
    "acceptedDate": "2008-02-28 16:17:53",
    "fiscalYear": "2007",
    "period": "Q4",
    "revenue": 116642000000,
    "costOfRevenue": 69391000000,
    "grossProfit": 47251000000,
    "researchAndDevelopmentExpenses": 0,
    "generalAndAdministrativeExpenses": 0,
    "sellingAndMarketingExpenses": 0,
    "sellingGeneralAndAdministrativeExpenses": 4054000000,
    "otherExpenses": 14400000000,
    "operatingExpenses": 18454000000,
    "costAndExpenses": 87845000000,
    "netInterestIncome": 0,
    "interestIncome": 0,
    "interestExpense": 0,
    "depreciationAndAmortization": 3155000000,
    "ebitda": 31952000000,
    "ebit": 28797000000,
    "nonOperatingIncomeExcludingInterest": 0,
    "operatingIncome": 28797000000,
    "totalOtherIncomeExpensesNet": -9075000000,
    "incomeBeforeTax": 19722000000,
    "incomeTaxExpense": 8062000000,
    "netIncomeFromContinuingOperations": 11660000000,
    "netIncomeFromDiscontinuedOperations": 0,
    "otherAdjustmentsToNetIncome": 283000000,
    "netIncome": 11660000000,
    "netIncomeDeductions": 0,
    "bottomLineNetIncome": 11660000000,
    "eps": 2.19,
    "epsDiluted": 2.17,
    "weightedAverageShsOut": 5312195122,
    "weightedAverageShsOutDil": 5364532020
  },
  {
    "date": "2007-09-30",
    "symbol": "XOM",
    "reportedCurrency": "USD",
    "cik": "0000034088",
    "filingDate": "2007-11-07",
    "acceptedDate": "2007-11-07 11:01:09",
    "fiscalYear": "2007",
    "period": "Q3",
    "revenue": 102337000000,
    "costOfRevenue": 60206000000,
    "grossProfit": 42131000000,
    "researchAndDevelopmentExpenses": 0,
    "generalAndAdministrativeExpenses": 0,
    "sellingAndMarketingExpenses": 0,
    "sellingGeneralAndAdministrativeExpenses": 3656000000,
    "otherExpenses": 13388000000,
    "operatingExpenses": 17044000000,
    "costAndExpenses": 77250000000,
    "netInterestIncome": 0,
    "interestIncome": 0,
    "interestExpense": 0,
    "depreciationAndAmortization": 3159000000,
    "ebitda": 28246000000,
    "ebit": 25087000000,
    "nonOperatingIncomeExcludingInterest": 0,
    "operatingIncome": 25087000000,
    "totalOtherIncomeExpensesNet": -8327000000,
    "incomeBeforeTax": 16760000000,
    "incomeTaxExpense": 7350000000,
    "netIncomeFromContinuingOperations": 9410000000,
    "netIncomeFromDiscontinuedOperations": 0,
    "otherAdjustmentsToNetIncome": 284000000,
    "netIncome": 9410000000,
    "netIncomeDeductions": 0,
    "bottomLineNetIncome": 9410000000,
    "eps": 1.72,
    "epsDiluted": 1.7,
    "weightedAverageShsOut": 5470930233,
    "weightedAverageShsOutDil": 5535294118
  },
  {
    "date": "2007-06-30",
    "symbol": "XOM",
    "reportedCurrency": "USD",
    "cik": "0000034088",
    "filingDate": "2007-08-07",
    "acceptedDate": "2007-08-07 11:01:56",
    "fiscalYear": "2007",
    "period": "Q2",
    "revenue": 98350000000,
    "costOfRevenue": 55658000000,
    "grossProfit": 42692000000,
    "researchAndDevelopmentExpenses": 0,
    "generalAndAdministrativeExpenses": 0,
    "sellingAndMarketingExpenses": 0,
    "sellingGeneralAndAdministrativeExpenses": 3788000000,
    "otherExpenses": 20692000000,
    "operatingExpenses": 24480000000,
    "costAndExpenses": 80138000000,
    "netInterestIncome": 0,
    "interestIncome": 0,
    "interestExpense": 0,
    "depreciationAndAmortization": 2994000000,
    "ebitda": 21206000000,
    "ebit": 18212000000,
    "nonOperatingIncomeExcludingInterest": 0,
    "operatingIncome": 18212000000,
    "totalOtherIncomeExpensesNet": -284000000,
    "incomeBeforeTax": 17928000000,
    "incomeTaxExpense": 7668000000,
    "netIncomeFromContinuingOperations": 10260000000,
    "netIncomeFromDiscontinuedOperations": 0,
    "otherAdjustmentsToNetIncome": 188000000,
    "netIncome": 10260000000,
    "netIncomeDeductions": 0,
    "bottomLineNetIncome": 10260000000,
    "eps": 1.85,
    "epsDiluted": 1.83,
    "weightedAverageShsOut": 5545945946,
    "weightedAverageShsOutDil": 5606557377
  },
  {
    "date": "2007-03-31",
    "symbol": "XOM",
    "reportedCurrency": "USD",
    "cik": "0000034088",
    "filingDate": "2007-05-08",
    "acceptedDate": "2007-05-08 12:05:00",
    "fiscalYear": "2007",
    "period": "Q1",
    "revenue": 87223000000,
    "costOfRevenue": 47597000000,
    "grossProfit": 39626000000,
    "researchAndDevelopmentExpenses": 0,
    "generalAndAdministrativeExpenses": 0,
    "sellingAndMarketingExpenses": 0,
    "sellingGeneralAndAdministrativeExpenses": 3392000000,
    "otherExpenses": 12533000000,
    "operatingExpenses": 15925000000,
    "costAndExpenses": 63522000000,
    "netInterestIncome": 0,
    "interestIncome": 0,
    "interestExpense": 0,
    "depreciationAndAmortization": 2942000000,
    "ebitda": 26643000000,
    "ebit": 23701000000,
    "nonOperatingIncomeExcludingInterest": 0,
    "operatingIncome": 23701000000,
    "totalOtherIncomeExpensesNet": -7637000000,
    "incomeBeforeTax": 16064000000,
    "incomeTaxExpense": 6784000000,
    "netIncomeFromContinuingOperations": 9280000000,
    "netIncomeFromDiscontinuedOperations": 0,
    "otherAdjustmentsToNetIncome": 250000000,
    "netIncome": 9280000000,
    "netIncomeDeductions": 0,
    "bottomLineNetIncome": 9280000000,
    "eps": 1.64,
    "epsDiluted": 1.62,
    "weightedAverageShsOut": 5658536585,
    "weightedAverageShsOutDil": 5728395062
  },
  {
    "date": "2006-12-31",
    "symbol": "XOM",
    "reportedCurrency": "USD",
    "cik": "0000034088",
    "filingDate": "2007-02-28",
    "acceptedDate": "2007-02-28 14:53:51",
    "fiscalYear": "2006",
    "period": "Q4",
    "revenue": 90028000000,
    "costOfRevenue": 50183000000,
    "grossProfit": 39845000000,
    "researchAndDevelopmentExpenses": 0,
    "generalAndAdministrativeExpenses": 0,
    "sellingAndMarketingExpenses": 0,
    "sellingGeneralAndAdministrativeExpenses": 3838000000,
    "otherExpenses": 43660000000,
    "operatingExpenses": 47498000000,
    "costAndExpenses": 97681000000,
    "netInterestIncome": 0,
    "interestIncome": 0,
    "interestExpense": 0,
    "depreciationAndAmortization": 3282000000,
    "ebitda": -4371000000,
    "ebit": -7653000000,
    "nonOperatingIncomeExcludingInterest": 0,
    "operatingIncome": -7653000000,
    "totalOtherIncomeExpensesNet": 23214000000,
    "incomeBeforeTax": 15561000000,
    "incomeTaxExpense": 5311000000,
    "netIncomeFromContinuingOperations": 10250000000,
    "netIncomeFromDiscontinuedOperations": 0,
    "otherAdjustmentsToNetIncome": 324000000,
    "netIncome": 10250000000,
    "netIncomeDeductions": 0,
    "bottomLineNetIncome": 10250000000,
    "eps": 1.81,
    "epsDiluted": 1.79,
    "weightedAverageShsOut": 5658536585,
    "weightedAverageShsOutDil": 5728395062
  },
  {
    "date": "2006-09-30",
    "symbol": "XOM",
    "reportedCurrency": "USD",
    "cik": "0000034088",
    "filingDate": "2006-11-08",
    "acceptedDate": "2006-11-08 15:53:53",
    "fiscalYear": "2006",
    "period": "Q3",
    "revenue": 99593000000,
    "costOfRevenue": 56773000000,
    "grossProfit": 42820000000,
    "researchAndDevelopmentExpenses": 0,
    "generalAndAdministrativeExpenses": 0,
    "sellingAndMarketingExpenses": 0,
    "sellingGeneralAndAdministrativeExpenses": 3412000000,
    "otherExpenses": 12893000000,
    "operatingExpenses": 16305000000,
    "costAndExpenses": 73078000000,
    "netInterestIncome": 0,
    "interestIncome": 0,
    "interestExpense": 0,
    "depreciationAndAmortization": 2730000000,
    "ebitda": 29245000000,
    "ebit": 26515000000,
    "nonOperatingIncomeExcludingInterest": 0,
    "operatingIncome": 26515000000,
    "totalOtherIncomeExpensesNet": -8337000000,
    "incomeBeforeTax": 18178000000,
    "incomeTaxExpense": 7688000000,
    "netIncomeFromContinuingOperations": 10490000000,
    "netIncomeFromDiscontinuedOperations": 0,
    "otherAdjustmentsToNetIncome": 292000000,
    "netIncome": 10490000000,
    "netIncomeDeductions": 0,
    "bottomLineNetIncome": 10490000000,
    "eps": 1.79,
    "epsDiluted": 1.77,
    "weightedAverageShsOut": 5860335196,
    "weightedAverageShsOutDil": 5926553672
  },
  {
    "date": "2006-06-30",
    "symbol": "XOM",
    "reportedCurrency": "USD",
    "cik": "0000034088",
    "filingDate": "2006-08-04",
    "acceptedDate": "2006-08-04 10:53:43",
    "fiscalYear": "2006",
    "period": "Q2",
    "revenue": 99034000000,
    "costOfRevenue": 55772000000,
    "grossProfit": 43262000000,
    "researchAndDevelopmentExpenses": 0,
    "generalAndAdministrativeExpenses": 0,
    "sellingAndMarketingExpenses": 0,
    "sellingGeneralAndAdministrativeExpenses": 3557000000,
    "otherExpenses": 12930000000,
    "operatingExpenses": 16487000000,
    "costAndExpenses": 72259000000,
    "netInterestIncome": 0,
    "interestIncome": 0,
    "interestExpense": 0,
    "depreciationAndAmortization": 2760000000,
    "ebitda": 29535000000,
    "ebit": 26775000000,
    "nonOperatingIncomeExcludingInterest": 0,
    "operatingIncome": 26775000000,
    "totalOtherIncomeExpensesNet": -8571000000,
    "incomeBeforeTax": 18204000000,
    "incomeTaxExpense": 7844000000,
    "netIncomeFromContinuingOperations": 10360000000,
    "netIncomeFromDiscontinuedOperations": 0,
    "otherAdjustmentsToNetIncome": 253000000,
    "netIncome": 10360000000,
    "netIncomeDeductions": 0,
    "bottomLineNetIncome": 10360000000,
    "eps": 1.74,
    "epsDiluted": 1.72,
    "weightedAverageShsOut": 5954022989,
    "weightedAverageShsOutDil": 6023255814
  },
  {
    "date": "2006-03-31",
    "symbol": "XOM",
    "reportedCurrency": "USD",
    "cik": "0000034088",
    "filingDate": "2006-05-04",
    "acceptedDate": "2006-05-04 11:11:52",
    "fiscalYear": "2006",
    "period": "Q1",
    "revenue": 88980000000,
    "costOfRevenue": 50527000000,
    "grossProfit": 38453000000,
    "researchAndDevelopmentExpenses": 0,
    "generalAndAdministrativeExpenses": 0,
    "sellingAndMarketingExpenses": 0,
    "sellingGeneralAndAdministrativeExpenses": 3466000000,
    "otherExpenses": 19181000000,
    "operatingExpenses": 22647000000,
    "costAndExpenses": 73174000000,
    "netInterestIncome": 0,
    "interestIncome": 0,
    "interestExpense": 0,
    "depreciationAndAmortization": 2644000000,
    "ebitda": 18450000000,
    "ebit": 15806000000,
    "nonOperatingIncomeExcludingInterest": 0,
    "operatingIncome": 15806000000,
    "totalOtherIncomeExpensesNet": -347000000,
    "incomeBeforeTax": 15459000000,
    "incomeTaxExpense": 7059000000,
    "netIncomeFromContinuingOperations": 8400000000,
    "netIncomeFromDiscontinuedOperations": 0,
    "otherAdjustmentsToNetIncome": 182000000,
    "netIncome": 8400000000,
    "netIncomeDeductions": 0,
    "bottomLineNetIncome": 8400000000,
    "eps": 1.38,
    "epsDiluted": 1.37,
    "weightedAverageShsOut": 6086956522,
    "weightedAverageShsOutDil": 6131386861
  },
  {
    "date": "2005-12-31",
    "symbol": "XOM",
    "reportedCurrency": "USD",
    "cik": "0000034088",
    "filingDate": "2006-02-28",
    "acceptedDate": "2006-02-28 12:45:59",
    "fiscalYear": "2005",
    "period": "Q4",
    "revenue": 99344000000,
    "costOfRevenue": 56944000000,
    "grossProfit": 42400000000,
    "researchAndDevelopmentExpenses": 0,
    "generalAndAdministrativeExpenses": 0,
    "sellingAndMarketingExpenses": 0,
    "sellingGeneralAndAdministrativeExpenses": 3678000000,
    "otherExpenses": 12721000000,
    "operatingExpenses": 16399000000,
    "costAndExpenses": 73343000000,
    "netInterestIncome": 0,
    "interestIncome": 0,
    "interestExpense": 0,
    "depreciationAndAmortization": 2671000000,
    "ebitda": 28672000000,
    "ebit": 26001000000,
    "nonOperatingIncomeExcludingInterest": 0,
    "operatingIncome": 26001000000,
    "totalOtherIncomeExpensesNet": -8283000000,
    "incomeBeforeTax": 17718000000,
    "incomeTaxExpense": 7008000000,
    "netIncomeFromContinuingOperations": 10710000000,
    "netIncomeFromDiscontinuedOperations": 0,
    "otherAdjustmentsToNetIncome": 331000000,
    "netIncome": 10710000000,
    "netIncomeDeductions": 0,
    "bottomLineNetIncome": 10710000000,
    "eps": 1.76,
    "epsDiluted": 1.75,
    "weightedAverageShsOut": 6086956522,
    "weightedAverageShsOutDil": 6131386861
  },
  {
    "date": "2005-09-30",
    "symbol": "XOM",
    "reportedCurrency": "USD",
    "cik": "0000034088",
    "filingDate": "2005-11-04",
    "acceptedDate": "2005-11-04 10:14:08",
    "fiscalYear": "2005",
    "period": "Q3",
    "revenue": 100717000000,
    "costOfRevenue": 59130000000,
    "grossProfit": 41587000000,
    "researchAndDevelopmentExpenses": 0,
    "generalAndAdministrativeExpenses": 0,
    "sellingAndMarketingExpenses": 0,
    "sellingGeneralAndAdministrativeExpenses": 3765000000,
    "otherExpenses": 13363000000,
    "operatingExpenses": 17128000000,
    "costAndExpenses": 76258000000,
    "netInterestIncome": 0,
    "interestIncome": 0,
    "interestExpense": 0,
    "depreciationAndAmortization": 2513000000,
    "ebitda": 26972000000,
    "ebit": 24459000000,
    "nonOperatingIncomeExcludingInterest": 0,
    "operatingIncome": 24459000000,
    "totalOtherIncomeExpensesNet": -8407000000,
    "incomeBeforeTax": 16052000000,
    "incomeTaxExpense": 6132000000,
    "netIncomeFromContinuingOperations": 9920000000,
    "netIncomeFromDiscontinuedOperations": 0,
    "otherAdjustmentsToNetIncome": 174000000,
    "netIncome": 9920000000,
    "netIncomeDeductions": 0,
    "bottomLineNetIncome": 9920000000,
    "eps": 1.6,
    "epsDiluted": 1.58,
    "weightedAverageShsOut": 6200000000,
    "weightedAverageShsOutDil": 6278481013
  },
  {
    "date": "2005-06-30",
    "symbol": "XOM",
    "reportedCurrency": "USD",
    "cik": "0000034088",
    "filingDate": "2005-08-04",
    "acceptedDate": "2005-08-04 10:22:32",
    "fiscalYear": "2005",
    "period": "Q2",
    "revenue": 88568000000,
    "costOfRevenue": 51358000000,
    "grossProfit": 37210000000,
    "researchAndDevelopmentExpenses": 0,
    "generalAndAdministrativeExpenses": 0,
    "sellingAndMarketingExpenses": 0,
    "sellingGeneralAndAdministrativeExpenses": 3508000000,
    "otherExpenses": 12985000000,
    "operatingExpenses": 16493000000,
    "costAndExpenses": 67851000000,
    "netInterestIncome": 0,
    "interestIncome": 0,
    "interestExpense": 0,
    "depreciationAndAmortization": 2516000000,
    "ebitda": 23233000000,
    "ebit": 20717000000,
    "nonOperatingIncomeExcludingInterest": 0,
    "operatingIncome": 20717000000,
    "totalOtherIncomeExpensesNet": -7958000000,
    "incomeBeforeTax": 12759000000,
    "incomeTaxExpense": 5119000000,
    "netIncomeFromContinuingOperations": 7640000000,
    "netIncomeFromDiscontinuedOperations": 0,
    "otherAdjustmentsToNetIncome": 199000000,
    "netIncome": 7640000000,
    "netIncomeDeductions": 0,
    "bottomLineNetIncome": 7640000000,
    "eps": 1.21,
    "epsDiluted": 1.2,
    "weightedAverageShsOut": 6314049587,
    "weightedAverageShsOutDil": 6366666667
  },
  {
    "date": "2005-03-31",
    "symbol": "XOM",
    "reportedCurrency": "USD",
    "cik": "0000034088",
    "filingDate": "2005-05-05",
    "acceptedDate": "2005-05-05 10:33:15",
    "fiscalYear": "2005",
    "period": "Q1",
    "revenue": 82051000000,
    "costOfRevenue": 45570000000,
    "grossProfit": 36481000000,
    "researchAndDevelopmentExpenses": 0,
    "generalAndAdministrativeExpenses": 0,
    "sellingAndMarketingExpenses": 0,
    "sellingGeneralAndAdministrativeExpenses": 3451000000,
    "otherExpenses": 12738000000,
    "operatingExpenses": 16189000000,
    "costAndExpenses": 61759000000,
    "netInterestIncome": 0,
    "interestIncome": 0,
    "interestExpense": 0,
    "depreciationAndAmortization": 2553000000,
    "ebitda": 22845000000,
    "ebit": 20292000000,
    "nonOperatingIncomeExcludingInterest": 0,
    "operatingIncome": 20292000000,
    "totalOtherIncomeExpensesNet": -7389000000,
    "incomeBeforeTax": 12903000000,
    "incomeTaxExpense": 5043000000,
    "netIncomeFromContinuingOperations": 7860000000,
    "netIncomeFromDiscontinuedOperations": 0,
    "otherAdjustmentsToNetIncome": 95000000,
    "netIncome": 7860000000,
    "netIncomeDeductions": 0,
    "bottomLineNetIncome": 7860000000,
    "eps": 1.23,
    "epsDiluted": 1.22,
    "weightedAverageShsOut": 6390243902,
    "weightedAverageShsOutDil": 6442622951
  },
  {
    "date": "2004-12-31",
    "symbol": "XOM",
    "reportedCurrency": "USD",
    "cik": "0000034088",
    "filingDate": "2005-02-28",
    "acceptedDate": "2005-02-28 11:31:22",
    "fiscalYear": "2004",
    "period": "Q4",
    "revenue": 83365000000,
    "costOfRevenue": 45254000000,
    "grossProfit": 38111000000,
    "researchAndDevelopmentExpenses": 0,
    "generalAndAdministrativeExpenses": 0,
    "sellingAndMarketingExpenses": 0,
    "sellingGeneralAndAdministrativeExpenses": 3903000000,
    "otherExpenses": 13293000000,
    "operatingExpenses": 17196000000,
    "costAndExpenses": 62450000000,
    "netInterestIncome": 0,
    "interestIncome": 0,
    "interestExpense": 0,
    "depreciationAndAmortization": 2613000000,
    "ebitda": 23528000000,
    "ebit": 20915000000,
    "nonOperatingIncomeExcludingInterest": 0,
    "operatingIncome": 20915000000,
    "totalOtherIncomeExpensesNet": -7650000000,
    "incomeBeforeTax": 13265000000,
    "incomeTaxExpense": 4845000000,
    "netIncomeFromContinuingOperations": 8420000000,
    "netIncomeFromDiscontinuedOperations": 0,
    "otherAdjustmentsToNetIncome": 281000000,
    "netIncome": 8420000000,
    "netIncomeDeductions": 0,
    "bottomLineNetIncome": 8420000000,
    "eps": 1.32,
    "epsDiluted": 1.31,
    "weightedAverageShsOut": 6390243902,
    "weightedAverageShsOutDil": 6442622951
  },
  {
    "date": "2004-09-30",
    "symbol": "XOM",
    "reportedCurrency": "USD",
    "cik": "0000034088",
    "filingDate": "2004-11-08",
    "acceptedDate": "2004-11-08 10:52:46",
    "fiscalYear": "2004",
    "period": "Q3",
    "revenue": 76375000000,
    "costOfRevenue": 43156000000,
    "grossProfit": 33219000000,
    "researchAndDevelopmentExpenses": 0,
    "generalAndAdministrativeExpenses": 0,
    "sellingAndMarketingExpenses": 0,
    "sellingGeneralAndAdministrativeExpenses": 3372000000,
    "otherExpenses": 12610000000,
    "operatingExpenses": 15982000000,
    "costAndExpenses": 59138000000,
    "netInterestIncome": 0,
    "interestIncome": 0,
    "interestExpense": 0,
    "depreciationAndAmortization": 2431000000,
    "ebitda": 19668000000,
    "ebit": 17237000000,
    "nonOperatingIncomeExcludingInterest": 0,
    "operatingIncome": 17237000000,
    "totalOtherIncomeExpensesNet": -7703000000,
    "incomeBeforeTax": 9534000000,
    "incomeTaxExpense": 3854000000,
    "netIncomeFromContinuingOperations": 5680000000,
    "netIncomeFromDiscontinuedOperations": 0,
    "otherAdjustmentsToNetIncome": 199000000,
    "netIncome": 5680000000,
    "netIncomeDeductions": 0,
    "bottomLineNetIncome": 5680000000,
    "eps": 0.88,
    "epsDiluted": 0.88,
    "weightedAverageShsOut": 6454545455,
    "weightedAverageShsOutDil": 6454545455
  },
  {
    "date": "2004-06-30",
    "symbol": "XOM",
    "reportedCurrency": "USD",
    "cik": "0000034088",
    "filingDate": "2004-08-06",
    "acceptedDate": "2004-08-06 10:15:19",
    "fiscalYear": "2004",
    "period": "Q2",
    "revenue": 70693000000,
    "costOfRevenue": 38894000000,
    "grossProfit": 31799000000,
    "researchAndDevelopmentExpenses": 0,
    "generalAndAdministrativeExpenses": 0,
    "sellingAndMarketingExpenses": 0,
    "sellingGeneralAndAdministrativeExpenses": 3332000000,
    "otherExpenses": 12281000000,
    "operatingExpenses": 15613000000,
    "costAndExpenses": 54507000000,
    "netInterestIncome": 0,
    "interestIncome": 0,
    "interestExpense": 0,
    "depreciationAndAmortization": 2350000000,
    "ebitda": 18536000000,
    "ebit": 16186000000,
    "nonOperatingIncomeExcludingInterest": 0,
    "operatingIncome": 16186000000,
    "totalOtherIncomeExpensesNet": -6706000000,
    "incomeBeforeTax": 9480000000,
    "incomeTaxExpense": 3690000000,
    "netIncomeFromContinuingOperations": 5790000000,
    "netIncomeFromDiscontinuedOperations": 0,
    "otherAdjustmentsToNetIncome": 142000000,
    "netIncome": 5790000000,
    "netIncomeDeductions": 0,
    "bottomLineNetIncome": 5790000000,
    "eps": 0.89,
    "epsDiluted": 0.88,
    "weightedAverageShsOut": 6505617978,
    "weightedAverageShsOutDil": 6579545455
  },
  {
    "date": "2004-03-31",
    "symbol": "XOM",
    "reportedCurrency": "USD",
    "cik": "0000034088",
    "filingDate": "2004-05-07",
    "acceptedDate": "2004-05-07 11:36:50",
    "fiscalYear": "2004",
    "period": "Q1",
    "revenue": 67602000000,
    "costOfRevenue": 36243000000,
    "grossProfit": 31359000000,
    "researchAndDevelopmentExpenses": 0,
    "generalAndAdministrativeExpenses": 0,
    "sellingAndMarketingExpenses": 0,
    "sellingGeneralAndAdministrativeExpenses": 3242000000,
    "otherExpenses": 12537000000,
    "operatingExpenses": 15779000000,
    "costAndExpenses": 52022000000,
    "netInterestIncome": 0,
    "interestIncome": 0,
    "interestExpense": 0,
    "depreciationAndAmortization": 2373000000,
    "ebitda": 17953000000,
    "ebit": 15580000000,
    "nonOperatingIncomeExcludingInterest": 0,
    "operatingIncome": 15580000000,
    "totalOtherIncomeExpensesNet": -6618000000,
    "incomeBeforeTax": 8962000000,
    "incomeTaxExpense": 3522000000,
    "netIncomeFromContinuingOperations": 5440000000,
    "netIncomeFromDiscontinuedOperations": 0,
    "otherAdjustmentsToNetIncome": 154000000,
    "netIncome": 5440000000,
    "netIncomeDeductions": 0,
    "bottomLineNetIncome": 5440000000,
    "eps": 0.83,
    "epsDiluted": 0.83,
    "weightedAverageShsOut": 6554216867,
    "weightedAverageShsOutDil": 6554216867
  },
  {
    "date": "2003-12-31",
    "symbol": "XOM",
    "reportedCurrency": "USD",
    "cik": "0000034088",
    "filingDate": "2004-03-15",
    "acceptedDate": "2004-03-15 12:53:35",
    "fiscalYear": "2003",
    "period": "Q4",
    "revenue": 65952000000,
    "costOfRevenue": 33857000000,
    "grossProfit": 32095000000,
    "researchAndDevelopmentExpenses": 0,
    "generalAndAdministrativeExpenses": 0,
    "sellingAndMarketingExpenses": 0,
    "sellingGeneralAndAdministrativeExpenses": 3708000000,
    "otherExpenses": 12607000000,
    "operatingExpenses": 16315000000,
    "costAndExpenses": 50172000000,
    "netInterestIncome": 0,
    "interestIncome": 0,
    "interestExpense": 0,
    "depreciationAndAmortization": 2493000000,
    "ebitda": 18273000000,
    "ebit": 15780000000,
    "nonOperatingIncomeExcludingInterest": 0,
    "operatingIncome": 15780000000,
    "totalOtherIncomeExpensesNet": -6402000000,
    "incomeBeforeTax": 9378000000,
    "incomeTaxExpense": 2728000000,
    "netIncomeFromContinuingOperations": 6650000000,
    "netIncomeFromDiscontinuedOperations": 0,
    "otherAdjustmentsToNetIncome": 120000000,
    "netIncome": 6650000000,
    "netIncomeDeductions": 0,
    "bottomLineNetIncome": 6650000000,
    "eps": 1.01,
    "epsDiluted": 1.01,
    "weightedAverageShsOut": 6554216867,
    "weightedAverageShsOutDil": 6554216867
  },
  {
    "date": "2003-09-30",
    "symbol": "XOM",
    "reportedCurrency": "USD",
    "cik": "0000034088",
    "filingDate": "2003-11-13",
    "acceptedDate": "2003-11-13 16:57:10",
    "fiscalYear": "2003",
    "period": "Q3",
    "revenue": 59841000000,
    "costOfRevenue": 32777000000,
    "grossProfit": 27064000000,
    "researchAndDevelopmentExpenses": 0,
    "generalAndAdministrativeExpenses": 0,
    "sellingAndMarketingExpenses": 0,
    "sellingGeneralAndAdministrativeExpenses": 3246000000,
    "otherExpenses": 11814000000,
    "operatingExpenses": 15060000000,
    "costAndExpenses": 47837000000,
    "netInterestIncome": 0,
    "interestIncome": 0,
    "interestExpense": 0,
    "depreciationAndAmortization": 2203000000,
    "ebitda": 14207000000,
    "ebit": 12004000000,
    "nonOperatingIncomeExcludingInterest": 0,
    "operatingIncome": 12004000000,
    "totalOtherIncomeExpensesNet": -6042000000,
    "incomeBeforeTax": 5962000000,
    "incomeTaxExpense": 2312000000,
    "netIncomeFromContinuingOperations": 3650000000,
    "netIncomeFromDiscontinuedOperations": 0,
    "otherAdjustmentsToNetIncome": 101000000,
    "netIncome": 3650000000,
    "netIncomeDeductions": 0,
    "bottomLineNetIncome": 3650000000,
    "eps": 0.55,
    "epsDiluted": 0.55,
    "weightedAverageShsOut": 6636363636,
    "weightedAverageShsOutDil": 6636363636
  },
  {
    "date": "2003-06-30",
    "symbol": "XOM",
    "reportedCurrency": "USD",
    "cik": "0000034088",
    "filingDate": "2003-08-13",
    "acceptedDate": "2003-08-13 11:18:39",
    "fiscalYear": "2003",
    "period": "Q2",
    "revenue": 57165000000,
    "costOfRevenue": 29729000000,
    "grossProfit": 27436000000,
    "researchAndDevelopmentExpenses": 0,
    "generalAndAdministrativeExpenses": 0,
    "sellingAndMarketingExpenses": 0,
    "sellingGeneralAndAdministrativeExpenses": 3340000000,
    "otherExpenses": 11282000000,
    "operatingExpenses": 14622000000,
    "costAndExpenses": 44351000000,
    "netInterestIncome": 0,
    "interestIncome": 0,
    "interestExpense": 0,
    "depreciationAndAmortization": 2169000000,
    "ebitda": 14983000000,
    "ebit": 12814000000,
    "nonOperatingIncomeExcludingInterest": 0,
    "operatingIncome": 12814000000,
    "totalOtherIncomeExpensesNet": -6066000000,
    "incomeBeforeTax": 6748000000,
    "incomeTaxExpense": 2578000000,
    "netIncomeFromContinuingOperations": 4170000000,
    "netIncomeFromDiscontinuedOperations": 0,
    "otherAdjustmentsToNetIncome": 100000000,
    "netIncome": 4170000000,
    "netIncomeDeductions": 0,
    "bottomLineNetIncome": 4170000000,
    "eps": 0.63,
    "epsDiluted": 0.62,
    "weightedAverageShsOut": 6619047619,
    "weightedAverageShsOutDil": 6725806452
  },
  {
    "date": "2003-03-31",
    "symbol": "XOM",
    "reportedCurrency": "USD",
    "cik": "0000034088",
    "filingDate": "2003-05-14",
    "acceptedDate": "2003-05-14 14:13:34",
    "fiscalYear": "2003",
    "period": "Q1",
    "revenue": 63780000000,
    "costOfRevenue": 33565000000,
    "grossProfit": 30215000000,
    "researchAndDevelopmentExpenses": 0,
    "generalAndAdministrativeExpenses": 0,
    "sellingAndMarketingExpenses": 0,
    "sellingGeneralAndAdministrativeExpenses": 3102000000,
    "otherExpenses": 10989000000,
    "operatingExpenses": 14091000000,
    "costAndExpenses": 47656000000,
    "netInterestIncome": 0,
    "interestIncome": 0,
    "interestExpense": 0,
    "depreciationAndAmortization": 2182000000,
    "ebitda": 18306000000,
    "ebit": 16124000000,
    "nonOperatingIncomeExcludingInterest": 0,
    "operatingIncome": 16124000000,
    "totalOtherIncomeExpensesNet": -6246000000,
    "incomeBeforeTax": 9878000000,
    "incomeTaxExpense": 3388000000,
    "netIncomeFromContinuingOperations": 6490000000,
    "netIncomeFromDiscontinuedOperations": 0,
    "otherAdjustmentsToNetIncome": 923000000,
    "netIncome": 7040000000,
    "netIncomeDeductions": 0,
    "bottomLineNetIncome": 7040000000,
    "eps": 1.05,
    "epsDiluted": 1.05,
    "weightedAverageShsOut": 6704761905,
    "weightedAverageShsOutDil": 6704761905
  },
  {
    "date": "2002-12-31",
    "symbol": "XOM",
    "reportedCurrency": "USD",
    "cik": "0000034088",
    "filingDate": "2003-03-26",
    "acceptedDate": "2003-03-26 11:14:25",
    "fiscalYear": "2002",
    "period": "Q4",
    "revenue": 55884000000,
    "costOfRevenue": 30242000000,
    "grossProfit": 25642000000,
    "researchAndDevelopmentExpenses": 0,
    "generalAndAdministrativeExpenses": 0,
    "sellingAndMarketingExpenses": 0,
    "sellingGeneralAndAdministrativeExpenses": 3178000000,
    "otherExpenses": 10826000000,
    "operatingExpenses": 14004000000,
    "costAndExpenses": 44246000000,
    "netInterestIncome": 0,
    "interestIncome": 0,
    "interestExpense": 0,
    "depreciationAndAmortization": 2075000000,
    "ebitda": 13713000000,
    "ebit": 11638000000,
    "nonOperatingIncomeExcludingInterest": 0,
    "operatingIncome": 11638000000,
    "totalOtherIncomeExpensesNet": -6282000000,
    "incomeBeforeTax": 5356000000,
    "incomeTaxExpense": 1715000000,
    "netIncomeFromContinuingOperations": 3641000000,
    "netIncomeFromDiscontinuedOperations": 0,
    "otherAdjustmentsToNetIncome": 550000000,
    "netIncome": 4090000000,
    "netIncomeDeductions": 0,
    "bottomLineNetIncome": 4090000000,
    "eps": 0.61,
    "epsDiluted": 0.61,
    "weightedAverageShsOut": 6704761905,
    "weightedAverageShsOutDil": 6704761905
  },
  {
    "date": "2002-09-30",
    "symbol": "XOM",
    "reportedCurrency": "USD",
    "cik": "0000034088",
    "filingDate": "2002-11-12",
    "acceptedDate": "2002-11-12 14:12:07",
    "fiscalYear": "2002",
    "period": "Q3",
    "revenue": 54098000000,
    "costOfRevenue": 30182000000,
    "grossProfit": 23916000000,
    "researchAndDevelopmentExpenses": 0,
    "generalAndAdministrativeExpenses": 0,
    "sellingAndMarketingExpenses": 0,
    "sellingGeneralAndAdministrativeExpenses": 2730000000,
    "otherExpenses": 10663000000,
    "operatingExpenses": 13393000000,
    "costAndExpenses": 43575000000,
    "netInterestIncome": 0,
    "interestIncome": 0,
    "interestExpense": 0,
    "depreciationAndAmortization": 2195000000,
    "ebitda": 12718000000,
    "ebit": 10523000000,
    "nonOperatingIncomeExcludingInterest": 0,
    "operatingIncome": 10523000000,
    "totalOtherIncomeExpensesNet": -6039000000,
    "incomeBeforeTax": 4484000000,
    "incomeTaxExpense": 1855000000,
    "netIncomeFromContinuingOperations": 2629000000,
    "netIncomeFromDiscontinuedOperations": 11000000,
    "otherAdjustmentsToNetIncome": 76000000,
    "netIncome": 2640000000,
    "netIncomeDeductions": 0,
    "bottomLineNetIncome": 2640000000,
    "eps": 0.39,
    "epsDiluted": 0.39,
    "weightedAverageShsOut": 6769230769,
    "weightedAverageShsOutDil": 6769230769
  },
  {
    "date": "2002-06-30",
    "symbol": "XOM",
    "reportedCurrency": "USD",
    "cik": "0000034088",
    "filingDate": "2002-08-13",
    "acceptedDate": "2002-08-13 15:40:55",
    "fiscalYear": "2002",
    "period": "Q2",
    "revenue": 50804000000,
    "costOfRevenue": 27060000000,
    "grossProfit": 23744000000,
    "researchAndDevelopmentExpenses": 0,
    "generalAndAdministrativeExpenses": 0,
    "sellingAndMarketingExpenses": 0,
    "sellingGeneralAndAdministrativeExpenses": 3310000000,
    "otherExpenses": 10394000000,
    "operatingExpenses": 13704000000,
    "costAndExpenses": 40764000000,
    "netInterestIncome": 0,
    "interestIncome": 0,
    "interestExpense": 0,
    "depreciationAndAmortization": 2020000000,
    "ebitda": 12060000000,
    "ebit": 10040000000,
    "nonOperatingIncomeExcludingInterest": 0,
    "operatingIncome": 10040000000,
    "totalOtherIncomeExpensesNet": -5759000000,
    "incomeBeforeTax": 4281000000,
    "incomeTaxExpense": 1652000000,
    "netIncomeFromContinuingOperations": 2629000000,
    "netIncomeFromDiscontinuedOperations": 11000000,
    "otherAdjustmentsToNetIncome": 17000000,
    "netIncome": 2640000000,
    "netIncomeDeductions": 0,
    "bottomLineNetIncome": 2640000000,
    "eps": 0.4,
    "epsDiluted": 0.39,
    "weightedAverageShsOut": 6600000000,
    "weightedAverageShsOutDil": 6769230769
  },
  {
    "date": "2002-03-31",
    "symbol": "XOM",
    "reportedCurrency": "USD",
    "cik": "0000034088",
    "filingDate": "2002-05-14",
    "acceptedDate": "2002-05-14 11:21:39",
    "fiscalYear": "2002",
    "period": "Q1",
    "revenue": 43393000000,
    "costOfRevenue": 22008000000,
    "grossProfit": 21385000000,
    "researchAndDevelopmentExpenses": 0,
    "generalAndAdministrativeExpenses": 0,
    "sellingAndMarketingExpenses": 0,
    "sellingGeneralAndAdministrativeExpenses": 3137000000,
    "otherExpenses": 9943000000,
    "operatingExpenses": 13080000000,
    "costAndExpenses": 35088000000,
    "netInterestIncome": 0,
    "interestIncome": 0,
    "interestExpense": 0,
    "depreciationAndAmortization": 2020000000,
    "ebitda": 10325000000,
    "ebit": 8305000000,
    "nonOperatingIncomeExcludingInterest": 0,
    "operatingIncome": 8305000000,
    "totalOtherIncomeExpensesNet": -4977000000,
    "incomeBeforeTax": 3328000000,
    "incomeTaxExpense": 1265000000,
    "netIncomeFromContinuingOperations": 2063000000,
    "netIncomeFromDiscontinuedOperations": 27000000,
    "otherAdjustmentsToNetIncome": 15000000,
    "netIncome": 2090000000,
    "netIncomeDeductions": 0,
    "bottomLineNetIncome": 2090000000,
    "eps": 0.3,
    "epsDiluted": 0.3,
    "weightedAverageShsOut": 6966666667,
    "weightedAverageShsOutDil": 6966666667
  },
  {
    "date": "2001-12-31",
    "symbol": "XOM",
    "reportedCurrency": "USD",
    "cik": "0000034088",
    "filingDate": "2002-03-27",
    "acceptedDate": "2002-03-27 00:00:00",
    "fiscalYear": "2001",
    "period": "Q4",
    "revenue": 47891000000,
    "costOfRevenue": 23223000000,
    "grossProfit": 24668000000,
    "researchAndDevelopmentExpenses": 0,
    "generalAndAdministrativeExpenses": 0,
    "sellingAndMarketingExpenses": 0,
    "sellingGeneralAndAdministrativeExpenses": 3429000000,
    "otherExpenses": 10847000000,
    "operatingExpenses": 14276000000,
    "costAndExpenses": 37499000000,
    "netInterestIncome": 0,
    "interestIncome": 0,
    "interestExpense": 0,
    "depreciationAndAmortization": 2140000000,
    "ebitda": 12532000000,
    "ebit": 10392000000,
    "nonOperatingIncomeExcludingInterest": 0,
    "operatingIncome": 10392000000,
    "totalOtherIncomeExpensesNet": -6605000000,
    "incomeBeforeTax": 3787000000,
    "incomeTaxExpense": 1107000000,
    "netIncomeFromContinuingOperations": 2680000000,
    "netIncomeFromDiscontinuedOperations": 0,
    "otherAdjustmentsToNetIncome": 149000000,
    "netIncome": 2680000000,
    "netIncomeDeductions": 0,
    "bottomLineNetIncome": 2680000000,
    "eps": 0.38,
    "epsDiluted": 0.38,
    "weightedAverageShsOut": 6871124976,
    "weightedAverageShsOutDil": 6966666667
  },
  {
    "date": "2001-09-30",
    "symbol": "XOM",
    "reportedCurrency": "USD",
    "cik": "0000034088",
    "filingDate": "2001-11-13",
    "acceptedDate": "2001-11-13 00:00:00",
    "fiscalYear": "2001",
    "period": "Q3",
    "revenue": 56448000000,
    "costOfRevenue": 27638000000,
    "grossProfit": 28810000000,
    "researchAndDevelopmentExpenses": 0,
    "generalAndAdministrativeExpenses": 0,
    "sellingAndMarketingExpenses": 0,
    "sellingGeneralAndAdministrativeExpenses": 3196000000,
    "otherExpenses": 10377000000,
    "operatingExpenses": 13573000000,
    "costAndExpenses": 41211000000,
    "netInterestIncome": 0,
    "interestIncome": 0,
    "interestExpense": 0,
    "depreciationAndAmortization": 1957000000,
    "ebitda": 17194000000,
    "ebit": 15237000000,
    "nonOperatingIncomeExcludingInterest": 0,
    "operatingIncome": 15237000000,
    "totalOtherIncomeExpensesNet": -9997000000,
    "incomeBeforeTax": 5240000000,
    "incomeTaxExpense": 2060000000,
    "netIncomeFromContinuingOperations": 3180000000,
    "netIncomeFromDiscontinuedOperations": 0,
    "otherAdjustmentsToNetIncome": 125000000,
    "netIncome": 3180000000,
    "netIncomeDeductions": 0,
    "bottomLineNetIncome": 3180000000,
    "eps": 0.46,
    "epsDiluted": 0.46,
    "weightedAverageShsOut": 6913043478,
    "weightedAverageShsOutDil": 6913043478
  },
  {
    "date": "2001-06-30",
    "symbol": "XOM",
    "reportedCurrency": "USD",
    "cik": "0000034088",
    "filingDate": "2001-08-13",
    "acceptedDate": "2001-08-13 00:00:00",
    "fiscalYear": "2001",
    "period": "Q2",
    "revenue": 56184000000,
    "costOfRevenue": 30623000000,
    "grossProfit": 25561000000,
    "researchAndDevelopmentExpenses": 0,
    "generalAndAdministrativeExpenses": 0,
    "sellingAndMarketingExpenses": 0,
    "sellingGeneralAndAdministrativeExpenses": 3215000000,
    "otherExpenses": 9928000000,
    "operatingExpenses": 13143000000,
    "costAndExpenses": 43766000000,
    "netInterestIncome": 0,
    "interestIncome": 0,
    "interestExpense": 0,
    "depreciationAndAmortization": 1871000000,
    "ebitda": 14289000000,
    "ebit": 12418000000,
    "nonOperatingIncomeExcludingInterest": 0,
    "operatingIncome": 12418000000,
    "totalOtherIncomeExpensesNet": -5546000000,
    "incomeBeforeTax": 6872000000,
    "incomeTaxExpense": 2587000000,
    "netIncomeFromContinuingOperations": 4285000000,
    "netIncomeFromDiscontinuedOperations": 0,
    "otherAdjustmentsToNetIncome": 258000000,
    "netIncome": 4460000000,
    "netIncomeDeductions": 0,
    "bottomLineNetIncome": 4460000000,
    "eps": 0.66,
    "epsDiluted": 0.65,
    "weightedAverageShsOut": 6757575758,
    "weightedAverageShsOutDil": 6861538462
  },
  {
    "date": "2001-03-31",
    "symbol": "XOM",
    "reportedCurrency": "USD",
    "cik": "0000034088",
    "filingDate": "2001-05-14",
    "acceptedDate": "2001-05-14 00:00:00",
    "fiscalYear": "2001",
    "period": "Q1",
    "revenue": 57300000000,
    "costOfRevenue": 30147000000,
    "grossProfit": 27153000000,
    "researchAndDevelopmentExpenses": 0,
    "generalAndAdministrativeExpenses": 0,
    "sellingAndMarketingExpenses": 0,
    "sellingGeneralAndAdministrativeExpenses": 3060000000,
    "otherExpenses": 10169000000,
    "operatingExpenses": 13229000000,
    "costAndExpenses": 43376000000,
    "netInterestIncome": 0,
    "interestIncome": 0,
    "interestExpense": 0,
    "depreciationAndAmortization": 1976000000,
    "ebitda": 15900000000,
    "ebit": 13924000000,
    "nonOperatingIncomeExcludingInterest": 0,
    "operatingIncome": 13924000000,
    "totalOtherIncomeExpensesNet": -5704000000,
    "incomeBeforeTax": 8220000000,
    "incomeTaxExpense": 3260000000,
    "netIncomeFromContinuingOperations": 4960000000,
    "netIncomeFromDiscontinuedOperations": 0,
    "otherAdjustmentsToNetIncome": 252000000,
    "netIncome": 5000000000,
    "netIncomeDeductions": 0,
    "bottomLineNetIncome": 5000000000,
    "eps": 0.73,
    "epsDiluted": 0.72,
    "weightedAverageShsOut": 6896551724,
    "weightedAverageShsOutDil": 6993006993
  },
  {
    "date": "2000-12-31",
    "symbol": "XOM",
    "reportedCurrency": "USD",
    "cik": "0000034088",
    "filingDate": "2001-03-28",
    "acceptedDate": "2001-03-28 00:00:00",
    "fiscalYear": "2000",
    "period": "Q4",
    "revenue": 83311000000,
    "costOfRevenue": 35390000000,
    "grossProfit": 47921000000,
    "researchAndDevelopmentExpenses": 0,
    "generalAndAdministrativeExpenses": 0,
    "sellingAndMarketingExpenses": 0,
    "sellingGeneralAndAdministrativeExpenses": 2979000000,
    "otherExpenses": 10635000000,
    "operatingExpenses": 13614000000,
    "costAndExpenses": 49004000000,
    "netInterestIncome": 0,
    "interestIncome": 0,
    "interestExpense": 0,
    "depreciationAndAmortization": 2162000000,
    "ebitda": 36469000000,
    "ebit": 34307000000,
    "nonOperatingIncomeExcludingInterest": 0,
    "operatingIncome": 34307000000,
    "totalOtherIncomeExpensesNet": -25895000000,
    "incomeBeforeTax": 8412000000,
    "incomeTaxExpense": 3507000000,
    "netIncomeFromContinuingOperations": 4905000000,
    "netIncomeFromDiscontinuedOperations": 0,
    "otherAdjustmentsToNetIncome": 472000000,
    "netIncome": 5220000000,
    "netIncomeDeductions": 0,
    "bottomLineNetIncome": 5220000000,
    "eps": 0.76,
    "epsDiluted": 0.75,
    "weightedAverageShsOut": 6896551724,
    "weightedAverageShsOutDil": 6993006993
  },
  {
    "date": "2000-09-30",
    "symbol": "XOM",
    "reportedCurrency": "USD",
    "cik": "0000034088",
    "filingDate": "2000-11-13",
    "acceptedDate": "2000-11-13 00:00:00",
    "fiscalYear": "2000",
    "period": "Q3",
    "revenue": 52178000000,
    "costOfRevenue": 32211000000,
    "grossProfit": 19967000000,
    "researchAndDevelopmentExpenses": 0,
    "generalAndAdministrativeExpenses": 0,
    "sellingAndMarketingExpenses": 0,
    "sellingGeneralAndAdministrativeExpenses": 3358000000,
    "otherExpenses": 10430000000,
    "operatingExpenses": 13788000000,
    "costAndExpenses": 45999000000,
    "netInterestIncome": 0,
    "interestIncome": 0,
    "interestExpense": 0,
    "depreciationAndAmortization": 1901000000,
    "ebitda": 8080000000,
    "ebit": 6179000000,
    "nonOperatingIncomeExcludingInterest": 0,
    "operatingIncome": 6179000000,
    "totalOtherIncomeExpensesNet": 518000000,
    "incomeBeforeTax": 6697000000,
    "incomeTaxExpense": 2637000000,
    "netIncomeFromContinuingOperations": 4060000000,
    "netIncomeFromDiscontinuedOperations": 0,
    "otherAdjustmentsToNetIncome": 503000000,
    "netIncome": 4490000000,
    "netIncomeDeductions": 0,
    "bottomLineNetIncome": 4490000000,
    "eps": 0.65,
    "epsDiluted": 0.64,
    "weightedAverageShsOut": 6961240310,
    "weightedAverageShsOutDil": 7015625000
  },
  {
    "date": "2000-06-30",
    "symbol": "XOM",
    "reportedCurrency": "USD",
    "cik": "0000034088",
    "filingDate": "2000-08-14",
    "acceptedDate": "2000-08-14 00:00:00",
    "fiscalYear": "2000",
    "period": "Q2",
    "revenue": 49479000000,
    "costOfRevenue": 30962000000,
    "grossProfit": 18517000000,
    "researchAndDevelopmentExpenses": 0,
    "generalAndAdministrativeExpenses": 0,
    "sellingAndMarketingExpenses": 0,
    "sellingGeneralAndAdministrativeExpenses": 2830000000,
    "otherExpenses": 9563000000,
    "operatingExpenses": 12393000000,
    "costAndExpenses": 43355000000,
    "netInterestIncome": 0,
    "interestIncome": 0,
    "interestExpense": 0,
    "depreciationAndAmortization": 1939000000,
    "ebitda": 8063000000,
    "ebit": 6124000000,
    "nonOperatingIncomeExcludingInterest": 0,
    "operatingIncome": 6124000000,
    "totalOtherIncomeExpensesNet": 582000000,
    "incomeBeforeTax": 6706000000,
    "incomeTaxExpense": 2706000000,
    "netIncomeFromContinuingOperations": 4000000000,
    "netIncomeFromDiscontinuedOperations": 0,
    "otherAdjustmentsToNetIncome": 640000000,
    "netIncome": 4530000000,
    "netIncomeDeductions": 0,
    "bottomLineNetIncome": 4530000000,
    "eps": 0.65,
    "epsDiluted": 0.64,
    "weightedAverageShsOut": 6969230769,
    "weightedAverageShsOutDil": 7078125000
  },
  {
    "date": "2000-03-31",
    "symbol": "XOM",
    "reportedCurrency": "USD",
    "cik": "0000034088",
    "filingDate": "2000-05-12",
    "acceptedDate": "2000-05-12 00:00:00",
    "fiscalYear": "2000",
    "period": "Q1",
    "revenue": 47780000000,
    "costOfRevenue": 29459000000,
    "grossProfit": 18321000000,
    "researchAndDevelopmentExpenses": 0,
    "generalAndAdministrativeExpenses": 0,
    "sellingAndMarketingExpenses": 0,
    "sellingGeneralAndAdministrativeExpenses": 2877000000,
    "otherExpenses": 10210000000,
    "operatingExpenses": 13087000000,
    "costAndExpenses": 42546000000,
    "netInterestIncome": 0,
    "interestIncome": 0,
    "interestExpense": 0,
    "depreciationAndAmortization": 2128000000,
    "ebitda": 7362000000,
    "ebit": 5234000000,
    "nonOperatingIncomeExcludingInterest": 0,
    "operatingIncome": 5234000000,
    "totalOtherIncomeExpensesNet": 32000000,
    "incomeBeforeTax": 5266000000,
    "incomeTaxExpense": 2241000000,
    "netIncomeFromContinuingOperations": 3025000000,
    "netIncomeFromDiscontinuedOperations": 0,
    "otherAdjustmentsToNetIncome": 527000000,
    "netIncome": 3480000000,
    "netIncomeDeductions": 0,
    "bottomLineNetIncome": 3480000000,
    "eps": 0.5,
    "epsDiluted": 0.5,
    "weightedAverageShsOut": 6960000000,
    "weightedAverageShsOutDil": 7030303030
  },
  {
    "date": "1999-12-31",
    "symbol": "XOM",
    "reportedCurrency": "USD",
    "cik": "0000034088",
    "filingDate": "2000-03-23",
    "acceptedDate": "2000-03-23 00:00:00",
    "fiscalYear": "1999",
    "period": "Q4",
    "revenue": 83591000000,
    "costOfRevenue": 49027000000,
    "grossProfit": 34564000000,
    "researchAndDevelopmentExpenses": 0,
    "generalAndAdministrativeExpenses": 0,
    "sellingAndMarketingExpenses": 0,
    "sellingGeneralAndAdministrativeExpenses": 6759000000,
    "otherExpenses": 21889000000,
    "operatingExpenses": 28648000000,
    "costAndExpenses": 77675000000,
    "netInterestIncome": 0,
    "interestIncome": 0,
    "interestExpense": 0,
    "depreciationAndAmortization": 4110000000,
    "ebitda": 10026000000,
    "ebit": 5916000000,
    "nonOperatingIncomeExcludingInterest": 0,
    "operatingIncome": 5916000000,
    "totalOtherIncomeExpensesNet": 331000000,
    "incomeBeforeTax": 6247000000,
    "incomeTaxExpense": 2062000000,
    "netIncomeFromContinuingOperations": 4185000000,
    "netIncomeFromDiscontinuedOperations": 0,
    "otherAdjustmentsToNetIncome": 176000000,
    "netIncome": 4185000000,
    "netIncomeDeductions": 36000000,
    "bottomLineNetIncome": 4149000000,
    "eps": 0.6,
    "epsDiluted": 0.6,
    "weightedAverageShsOut": 6960000000,
    "weightedAverageShsOutDil": 7030303030
  },
  {
    "date": "1999-09-30",
    "symbol": "XOM",
    "reportedCurrency": "USD",
    "cik": "0000034088",
    "filingDate": "1999-11-12",
    "acceptedDate": "1999-11-12 00:00:00",
    "fiscalYear": "1999",
    "period": "Q3",
    "revenue": 43595000000,
    "costOfRevenue": 26451000000,
    "grossProfit": 17144000000,
    "researchAndDevelopmentExpenses": 0,
    "generalAndAdministrativeExpenses": 0,
    "sellingAndMarketingExpenses": 0,
    "sellingGeneralAndAdministrativeExpenses": 2770000000,
    "otherExpenses": 10673000000,
    "operatingExpenses": 13443000000,
    "costAndExpenses": 39894000000,
    "netInterestIncome": 0,
    "interestIncome": 0,
    "interestExpense": 0,
    "depreciationAndAmortization": 1991000000,
    "ebitda": 5692000000,
    "ebit": 3701000000,
    "nonOperatingIncomeExcludingInterest": 0,
    "operatingIncome": 3701000000,
    "totalOtherIncomeExpensesNet": -209000000,
    "incomeBeforeTax": 3492000000,
    "incomeTaxExpense": 1304000000,
    "netIncomeFromContinuingOperations": 2188000000,
    "netIncomeFromDiscontinuedOperations": 0,
    "otherAdjustmentsToNetIncome": 52000000,
    "netIncome": 2188000000,
    "netIncomeDeductions": 0,
    "bottomLineNetIncome": 2188000000,
    "eps": 0.31,
    "epsDiluted": 0.31,
    "weightedAverageShsOut": 4856000000,
    "weightedAverageShsOutDil": 4912000000
  },
  {
    "date": "1999-06-30",
    "symbol": "XOM",
    "reportedCurrency": "USD",
    "cik": "0000034088",
    "filingDate": "1999-08-13",
    "acceptedDate": "1999-08-13 00:00:00",
    "fiscalYear": "1999",
    "period": "Q2",
    "revenue": 38055000000,
    "costOfRevenue": 21667000000,
    "grossProfit": 16388000000,
    "researchAndDevelopmentExpenses": 0,
    "generalAndAdministrativeExpenses": 0,
    "sellingAndMarketingExpenses": 0,
    "sellingGeneralAndAdministrativeExpenses": 3338000000,
    "otherExpenses": 10211000000,
    "operatingExpenses": 13549000000,
    "costAndExpenses": 35216000000,
    "netInterestIncome": 0,
    "interestIncome": 0,
    "interestExpense": 0,
    "depreciationAndAmortization": 1989000000,
    "ebitda": 4828000000,
    "ebit": 2839000000,
    "nonOperatingIncomeExcludingInterest": 0,
    "operatingIncome": 2839000000,
    "totalOtherIncomeExpensesNet": -155000000,
    "incomeBeforeTax": 2684000000,
    "incomeTaxExpense": 730000000,
    "netIncomeFromContinuingOperations": 1954000000,
    "netIncomeFromDiscontinuedOperations": 0,
    "otherAdjustmentsToNetIncome": 7000000,
    "netIncome": 1954000000,
    "netIncomeDeductions": 0,
    "bottomLineNetIncome": 1954000000,
    "eps": 0.25,
    "epsDiluted": 0.25,
    "weightedAverageShsOut": 4856000000,
    "weightedAverageShsOutDil": 4914000000
  },
  {
    "date": "1999-03-31",
    "symbol": "XOM",
    "reportedCurrency": "USD",
    "cik": "0000034088",
    "filingDate": "1999-05-13",
    "acceptedDate": "1999-05-13 00:00:00",
    "fiscalYear": "1999",
    "period": "Q1",
    "revenue": 33804000000,
    "costOfRevenue": 18294000000,
    "grossProfit": 15510000000,
    "researchAndDevelopmentExpenses": 0,
    "generalAndAdministrativeExpenses": 0,
    "sellingAndMarketingExpenses": 0,
    "sellingGeneralAndAdministrativeExpenses": 3244000000,
    "otherExpenses": 10391000000,
    "operatingExpenses": 13635000000,
    "costAndExpenses": 31929000000,
    "netInterestIncome": 0,
    "interestIncome": 0,
    "interestExpense": 0,
    "depreciationAndAmortization": 2171000000,
    "ebitda": 4046000000,
    "ebit": 1875000000,
    "nonOperatingIncomeExcludingInterest": 0,
    "operatingIncome": 1875000000,
    "totalOtherIncomeExpensesNet": -198000000,
    "incomeBeforeTax": 1677000000,
    "incomeTaxExpense": 193000000,
    "netIncomeFromContinuingOperations": 1484000000,
    "netIncomeFromDiscontinuedOperations": 0,
    "otherAdjustmentsToNetIncome": 9000000,
    "netIncome": 1484000000,
    "netIncomeDeductions": 0,
    "bottomLineNetIncome": 1484000000,
    "eps": 0.21,
    "epsDiluted": 0.21,
    "weightedAverageShsOut": 4856000000,
    "weightedAverageShsOutDil": 4910000000
  },
  {
    "date": "1998-12-31",
    "symbol": "XOM",
    "reportedCurrency": "USD",
    "cik": "0000034088",
    "filingDate": "1999-03-30",
    "acceptedDate": "1999-03-30 00:00:00",
    "fiscalYear": "1998",
    "period": "Q4",
    "revenue": 24102000000,
    "costOfRevenue": 13561000000,
    "grossProfit": 10541000000,
    "researchAndDevelopmentExpenses": 0,
    "generalAndAdministrativeExpenses": 0,
    "sellingAndMarketingExpenses": 0,
    "sellingGeneralAndAdministrativeExpenses": 2066000000,
    "otherExpenses": 7401000000,
    "operatingExpenses": 9467000000,
    "costAndExpenses": 23028000000,
    "netInterestIncome": 0,
    "interestIncome": 0,
    "interestExpense": 0,
    "depreciationAndAmortization": 1225000000,
    "ebitda": 2299000000,
    "ebit": 1074000000,
    "nonOperatingIncomeExcludingInterest": 0,
    "operatingIncome": 1074000000,
    "totalOtherIncomeExpensesNet": 914000000,
    "incomeBeforeTax": 1988000000,
    "incomeTaxExpense": 458000000,
    "netIncomeFromContinuingOperations": 1530000000,
    "netIncomeFromDiscontinuedOperations": 0,
    "otherAdjustmentsToNetIncome": -144000000,
    "netIncome": 1460000000,
    "netIncomeDeductions": 10000000,
    "bottomLineNetIncome": 1450000000,
    "eps": 0.3,
    "epsDiluted": 0.3,
    "weightedAverageShsOut": 4856000000,
    "weightedAverageShsOutDil": 4910000000
  },
  {
    "date": "1998-09-30",
    "symbol": "XOM",
    "reportedCurrency": "USD",
    "cik": "0000034088",
    "filingDate": "1998-11-12",
    "acceptedDate": "1998-11-12 00:00:00",
    "fiscalYear": "1998",
    "period": "Q3",
    "revenue": 24512000000,
    "costOfRevenue": 13919000000,
    "grossProfit": 10593000000,
    "researchAndDevelopmentExpenses": 0,
    "generalAndAdministrativeExpenses": 0,
    "sellingAndMarketingExpenses": 0,
    "sellingGeneralAndAdministrativeExpenses": 2106000000,
    "otherExpenses": 6989000000,
    "operatingExpenses": 9095000000,
    "costAndExpenses": 23014000000,
    "netInterestIncome": 0,
    "interestIncome": 0,
    "interestExpense": 0,
    "depreciationAndAmortization": 1290000000,
    "ebitda": 2788000000,
    "ebit": 1498000000,
    "nonOperatingIncomeExcludingInterest": 0,
    "operatingIncome": 1498000000,
    "totalOtherIncomeExpensesNet": 542000000,
    "incomeBeforeTax": 2040000000,
    "incomeTaxExpense": 640000000,
    "netIncomeFromContinuingOperations": 1400000000,
    "netIncomeFromDiscontinuedOperations": 0,
    "otherAdjustmentsToNetIncome": 41000000,
    "netIncome": 1400000000,
    "netIncomeDeductions": 0,
    "bottomLineNetIncome": 1400000000,
    "eps": 0.29,
    "epsDiluted": 0.29,
    "weightedAverageShsOut": 4827586207,
    "weightedAverageShsOutDil": 4827586207
  },
  {
    "date": "1998-06-30",
    "symbol": "XOM",
    "reportedCurrency": "USD",
    "cik": "0000034088",
    "filingDate": "1998-08-14",
    "acceptedDate": "1998-08-14 00:00:00",
    "fiscalYear": "1998",
    "period": "Q2",
    "revenue": 25201000000,
    "costOfRevenue": 14391000000,
    "grossProfit": 10810000000,
    "researchAndDevelopmentExpenses": 0,
    "generalAndAdministrativeExpenses": 0,
    "sellingAndMarketingExpenses": 0,
    "sellingGeneralAndAdministrativeExpenses": 2179000000,
    "otherExpenses": 6880000000,
    "operatingExpenses": 9059000000,
    "costAndExpenses": 23450000000,
    "netInterestIncome": 0,
    "interestIncome": 0,
    "interestExpense": 0,
    "depreciationAndAmortization": 1346000000,
    "ebitda": 3097000000,
    "ebit": 1751000000,
    "nonOperatingIncomeExcludingInterest": 0,
    "operatingIncome": 1751000000,
    "totalOtherIncomeExpensesNet": 507000000,
    "incomeBeforeTax": 2258000000,
    "incomeTaxExpense": 638000000,
    "netIncomeFromContinuingOperations": 1620000000,
    "netIncomeFromDiscontinuedOperations": 0,
    "otherAdjustmentsToNetIncome": 22000000,
    "netIncome": 1620000000,
    "netIncomeDeductions": 0,
    "bottomLineNetIncome": 1620000000,
    "eps": 0.33,
    "epsDiluted": 0.33,
    "weightedAverageShsOut": 4909090909,
    "weightedAverageShsOutDil": 4984615385
  },
  {
    "date": "1998-03-31",
    "symbol": "XOM",
    "reportedCurrency": "USD",
    "cik": "0000034088",
    "filingDate": "1998-05-13",
    "acceptedDate": "1998-05-13 00:00:00",
    "fiscalYear": "1998",
    "period": "Q1",
    "revenue": 29964000000,
    "costOfRevenue": 15195000000,
    "grossProfit": 14769000000,
    "researchAndDevelopmentExpenses": 0,
    "generalAndAdministrativeExpenses": 0,
    "sellingAndMarketingExpenses": 0,
    "sellingGeneralAndAdministrativeExpenses": 2004000000,
    "otherExpenses": 9958000000,
    "operatingExpenses": 11962000000,
    "costAndExpenses": 27157000000,
    "netInterestIncome": 0,
    "interestIncome": 0,
    "interestExpense": 0,
    "depreciationAndAmortization": 1344000000,
    "ebitda": 4151000000,
    "ebit": 2807000000,
    "nonOperatingIncomeExcludingInterest": 0,
    "operatingIncome": 2807000000,
    "totalOtherIncomeExpensesNet": -98000000,
    "incomeBeforeTax": 2709000000,
    "incomeTaxExpense": 819000000,
    "netIncomeFromContinuingOperations": 1890000000,
    "netIncomeFromDiscontinuedOperations": 0,
    "otherAdjustmentsToNetIncome": -4000000,
    "netIncome": 1820000000,
    "netIncomeDeductions": 0,
    "bottomLineNetIncome": 1820000000,
    "eps": 0.39,
    "epsDiluted": 0.38,
    "weightedAverageShsOut": 4909090909,
    "weightedAverageShsOutDil": 4973684211
  },
  {
    "date": "1997-12-31",
    "symbol": "XOM",
    "reportedCurrency": "USD",
    "cik": "0000034088",
    "filingDate": "1998-03-18",
    "acceptedDate": "1998-03-18 00:00:00",
    "fiscalYear": "1997",
    "period": "Q4",
    "revenue": 30403000000,
    "costOfRevenue": 18069000000,
    "grossProfit": 12334000000,
    "researchAndDevelopmentExpenses": 0,
    "generalAndAdministrativeExpenses": 0,
    "sellingAndMarketingExpenses": 0,
    "sellingGeneralAndAdministrativeExpenses": 2130000000,
    "otherExpenses": 7335000000,
    "operatingExpenses": 9465000000,
    "costAndExpenses": 27534000000,
    "netInterestIncome": 0,
    "interestIncome": 0,
    "interestExpense": 0,
    "depreciationAndAmortization": 1406000000,
    "ebitda": 4275000000,
    "ebit": 2869000000,
    "nonOperatingIncomeExcludingInterest": 0,
    "operatingIncome": 2869000000,
    "totalOtherIncomeExpensesNet": 467000000,
    "incomeBeforeTax": 3336000000,
    "incomeTaxExpense": 836000000,
    "netIncomeFromContinuingOperations": 2500000000,
    "netIncomeFromDiscontinuedOperations": 0,
    "otherAdjustmentsToNetIncome": 107000000,
    "netIncome": 2500000000,
    "netIncomeDeductions": 0,
    "bottomLineNetIncome": 2500000000,
    "eps": 0.51,
    "epsDiluted": 0.5,
    "weightedAverageShsOut": 4909090909,
    "weightedAverageShsOutDil": 4973684211
  },
  {
    "date": "1997-09-30",
    "symbol": "XOM",
    "reportedCurrency": "USD",
    "cik": "0000034088",
    "filingDate": "1997-11-12",
    "acceptedDate": "1997-11-12 00:00:00",
    "fiscalYear": "1997",
    "period": "Q3",
    "revenue": 28765000000,
    "costOfRevenue": 16979000000,
    "grossProfit": 11786000000,
    "researchAndDevelopmentExpenses": 0,
    "generalAndAdministrativeExpenses": 0,
    "sellingAndMarketingExpenses": 0,
    "sellingGeneralAndAdministrativeExpenses": 2088000000,
    "otherExpenses": 7097000000,
    "operatingExpenses": 9185000000,
    "costAndExpenses": 26164000000,
    "netInterestIncome": 0,
    "interestIncome": 0,
    "interestExpense": 0,
    "depreciationAndAmortization": 1361000000,
    "ebitda": 3962000000,
    "ebit": 2601000000,
    "nonOperatingIncomeExcludingInterest": 0,
    "operatingIncome": 2601000000,
    "totalOtherIncomeExpensesNet": 165000000,
    "incomeBeforeTax": 2766000000,
    "incomeTaxExpense": 946000000,
    "netIncomeFromContinuingOperations": 1820000000,
    "netIncomeFromDiscontinuedOperations": 0,
    "otherAdjustmentsToNetIncome": 96000000,
    "netIncome": 1820000000,
    "netIncomeDeductions": 0,
    "bottomLineNetIncome": 1820000000,
    "eps": 0.37,
    "epsDiluted": 0.37,
    "weightedAverageShsOut": 4918918919,
    "weightedAverageShsOutDil": 4986301370
  },
  {
    "date": "1997-06-30",
    "symbol": "XOM",
    "reportedCurrency": "USD",
    "cik": "0000034088",
    "filingDate": "1997-08-12",
    "acceptedDate": "1997-08-12 00:00:00",
    "fiscalYear": "1997",
    "period": "Q2",
    "revenue": 28683000000,
    "costOfRevenue": 17051000000,
    "grossProfit": 11632000000,
    "researchAndDevelopmentExpenses": 0,
    "generalAndAdministrativeExpenses": 0,
    "sellingAndMarketingExpenses": 0,
    "sellingGeneralAndAdministrativeExpenses": 2012000000,
    "otherExpenses": 6791000000,
    "operatingExpenses": 8803000000,
    "costAndExpenses": 25854000000,
    "netInterestIncome": 0,
    "interestIncome": 0,
    "interestExpense": 0,
    "depreciationAndAmortization": 1342000000,
    "ebitda": 4171000000,
    "ebit": 2829000000,
    "nonOperatingIncomeExcludingInterest": 0,
    "operatingIncome": 2829000000,
    "totalOtherIncomeExpensesNet": 331000000,
    "incomeBeforeTax": 3160000000,
    "incomeTaxExpense": 1195000000,
    "netIncomeFromContinuingOperations": 1965000000,
    "netIncomeFromDiscontinuedOperations": 0,
    "otherAdjustmentsToNetIncome": 98000000,
    "netIncome": 1965000000,
    "netIncomeDeductions": 0,
    "bottomLineNetIncome": 1965000000,
    "eps": 0.4,
    "epsDiluted": 0.39,
    "weightedAverageShsOut": 4974683544,
    "weightedAverageShsOutDil": 5038461538
  },
  {
    "date": "1997-03-31",
    "symbol": "XOM",
    "reportedCurrency": "USD",
    "cik": "0000034088",
    "filingDate": "1997-05-13",
    "acceptedDate": "1997-05-13 00:00:00",
    "fiscalYear": "1997",
    "period": "Q1",
    "revenue": 29556000000,
    "costOfRevenue": 17915000000,
    "grossProfit": 11641000000,
    "researchAndDevelopmentExpenses": 0,
    "generalAndAdministrativeExpenses": 0,
    "sellingAndMarketingExpenses": 0,
    "sellingGeneralAndAdministrativeExpenses": 1879000000,
    "otherExpenses": 6558000000,
    "operatingExpenses": 8437000000,
    "costAndExpenses": 26352000000,
    "netInterestIncome": 0,
    "interestIncome": 0,
    "interestExpense": 0,
    "depreciationAndAmortization": 1365000000,
    "ebitda": 4569000000,
    "ebit": 3204000000,
    "nonOperatingIncomeExcludingInterest": 0,
    "operatingIncome": 3204000000,
    "totalOtherIncomeExpensesNet": 314000000,
    "incomeBeforeTax": 3518000000,
    "incomeTaxExpense": 1343000000,
    "netIncomeFromContinuingOperations": 2175000000,
    "netIncomeFromDiscontinuedOperations": 0,
    "otherAdjustmentsToNetIncome": 99000000,
    "netIncome": 2175000000,
    "netIncomeDeductions": 0,
    "bottomLineNetIncome": 2175000000,
    "eps": 0.44,
    "epsDiluted": 0.43,
    "weightedAverageShsOut": 5000000000,
    "weightedAverageShsOutDil": 5058139535
  },
  {
    "date": "1996-12-31",
    "symbol": "XOM",
    "reportedCurrency": "USD",
    "cik": "0000034088",
    "filingDate": "1997-03-13",
    "acceptedDate": "1997-03-13 00:00:00",
    "fiscalYear": "1996",
    "period": "Q4",
    "revenue": 32503000000,
    "costOfRevenue": 20232000000,
    "grossProfit": 12271000000,
    "researchAndDevelopmentExpenses": 0,
    "generalAndAdministrativeExpenses": 0,
    "sellingAndMarketingExpenses": 0,
    "sellingGeneralAndAdministrativeExpenses": 1954000000,
    "otherExpenses": 7199000000,
    "operatingExpenses": 9153000000,
    "costAndExpenses": 29385000000,
    "netInterestIncome": 0,
    "interestIncome": 0,
    "interestExpense": 0,
    "depreciationAndAmortization": 1344000000,
    "ebitda": 4462000000,
    "ebit": 3118000000,
    "nonOperatingIncomeExcludingInterest": 0,
    "operatingIncome": 3118000000,
    "totalOtherIncomeExpensesNet": 758000000,
    "incomeBeforeTax": 3876000000,
    "incomeTaxExpense": 1381000000,
    "netIncomeFromContinuingOperations": 2495000000,
    "netIncomeFromDiscontinuedOperations": 0,
    "otherAdjustmentsToNetIncome": 93000000,
    "netIncome": 2495000000,
    "netIncomeDeductions": 27000000,
    "bottomLineNetIncome": 2468000000,
    "eps": 0.5,
    "epsDiluted": 0.49,
    "weightedAverageShsOut": 5000000000,
    "weightedAverageShsOutDil": 5058139535
  },
  {
    "date": "1996-09-30",
    "symbol": "XOM",
    "reportedCurrency": "USD",
    "cik": "0000034088",
    "filingDate": "1996-11-13",
    "acceptedDate": "1996-11-13 00:00:00",
    "fiscalYear": "1996",
    "period": "Q3",
    "revenue": 29086000000,
    "costOfRevenue": 17423000000,
    "grossProfit": 11663000000,
    "researchAndDevelopmentExpenses": 0,
    "generalAndAdministrativeExpenses": 0,
    "sellingAndMarketingExpenses": 0,
    "sellingGeneralAndAdministrativeExpenses": 2051000000,
    "otherExpenses": 7279000000,
    "operatingExpenses": 9330000000,
    "costAndExpenses": 26753000000,
    "netInterestIncome": 0,
    "interestIncome": 0,
    "interestExpense": 0,
    "depreciationAndAmortization": 1307000000,
    "ebitda": 3640000000,
    "ebit": 2333000000,
    "nonOperatingIncomeExcludingInterest": 0,
    "operatingIncome": 2333000000,
    "totalOtherIncomeExpensesNet": 214000000,
    "incomeBeforeTax": 2547000000,
    "incomeTaxExpense": 987000000,
    "netIncomeFromContinuingOperations": 1560000000,
    "netIncomeFromDiscontinuedOperations": 0,
    "otherAdjustmentsToNetIncome": 72000000,
    "netIncome": 1560000000,
    "netIncomeDeductions": 0,
    "bottomLineNetIncome": 1560000000,
    "eps": 0.31,
    "epsDiluted": 0.31,
    "weightedAverageShsOut": 5032258065,
    "weightedAverageShsOutDil": 5032258065
  },
  {
    "date": "1996-06-30",
    "symbol": "XOM",
    "reportedCurrency": "USD",
    "cik": "0000034088",
    "filingDate": "1996-08-13",
    "acceptedDate": "1996-08-13 00:00:00",
    "fiscalYear": "1996",
    "period": "Q2",
    "revenue": 27975000000,
    "costOfRevenue": 16744000000,
    "grossProfit": 11231000000,
    "researchAndDevelopmentExpenses": 0,
    "generalAndAdministrativeExpenses": 0,
    "sellingAndMarketingExpenses": 0,
    "sellingGeneralAndAdministrativeExpenses": 2020000000,
    "otherExpenses": 6929000000,
    "operatingExpenses": 8949000000,
    "costAndExpenses": 25693000000,
    "netInterestIncome": 0,
    "interestIncome": 0,
    "interestExpense": 0,
    "depreciationAndAmortization": 1306000000,
    "ebitda": 3588000000,
    "ebit": 2282000000,
    "nonOperatingIncomeExcludingInterest": 0,
    "operatingIncome": 2282000000,
    "totalOtherIncomeExpensesNet": 370000000,
    "incomeBeforeTax": 2652000000,
    "incomeTaxExpense": 1082000000,
    "netIncomeFromContinuingOperations": 1570000000,
    "netIncomeFromDiscontinuedOperations": 0,
    "otherAdjustmentsToNetIncome": 80000000,
    "netIncome": 1570000000,
    "netIncomeDeductions": 0,
    "bottomLineNetIncome": 1570000000,
    "eps": 0.32,
    "epsDiluted": 0.31,
    "weightedAverageShsOut": 4984126984,
    "weightedAverageShsOutDil": 5064516129
  },
  {
    "date": "1996-03-31",
    "symbol": "XOM",
    "reportedCurrency": "USD",
    "cik": "0000034088",
    "filingDate": "1996-05-14",
    "acceptedDate": "1996-05-14 00:00:00",
    "fiscalYear": "1996",
    "period": "Q1",
    "revenue": 27164000000,
    "costOfRevenue": 16025000000,
    "grossProfit": 11139000000,
    "researchAndDevelopmentExpenses": 0,
    "generalAndAdministrativeExpenses": 0,
    "sellingAndMarketingExpenses": 0,
    "sellingGeneralAndAdministrativeExpenses": 1936000000,
    "otherExpenses": 6878000000,
    "operatingExpenses": 8814000000,
    "costAndExpenses": 24839000000,
    "netInterestIncome": 0,
    "interestIncome": 0,
    "interestExpense": 0,
    "depreciationAndAmortization": 1372000000,
    "ebitda": 3697000000,
    "ebit": 2325000000,
    "nonOperatingIncomeExcludingInterest": 0,
    "operatingIncome": 2325000000,
    "totalOtherIncomeExpensesNet": 516000000,
    "incomeBeforeTax": 2841000000,
    "incomeTaxExpense": 956000000,
    "netIncomeFromContinuingOperations": 1885000000,
    "netIncomeFromDiscontinuedOperations": 0,
    "otherAdjustmentsToNetIncome": 139000000,
    "netIncome": 1885000000,
    "netIncomeDeductions": 0,
    "bottomLineNetIncome": 1885000000,
    "eps": 0.38,
    "epsDiluted": 0.38,
    "weightedAverageShsOut": 4960526316,
    "weightedAverageShsOutDil": 5026666667
  },
  {
    "date": "1995-12-31",
    "symbol": "XOM",
    "reportedCurrency": "USD",
    "cik": "0000034088",
    "filingDate": "1996-03-08",
    "acceptedDate": "1996-03-08 00:00:00",
    "fiscalYear": "1995",
    "period": "Q4",
    "revenue": 26895000000,
    "costOfRevenue": 14873000000,
    "grossProfit": 12022000000,
    "researchAndDevelopmentExpenses": 0,
    "generalAndAdministrativeExpenses": 0,
    "sellingAndMarketingExpenses": 0,
    "sellingGeneralAndAdministrativeExpenses": 2286000000,
    "otherExpenses": 7412000000,
    "operatingExpenses": 9698000000,
    "costAndExpenses": 24571000000,
    "netInterestIncome": 0,
    "interestIncome": 0,
    "interestExpense": 0,
    "depreciationAndAmortization": 1382000000,
    "ebitda": 3706000000,
    "ebit": 2324000000,
    "nonOperatingIncomeExcludingInterest": 0,
    "operatingIncome": 2324000000,
    "totalOtherIncomeExpensesNet": 442000000,
    "incomeBeforeTax": 2766000000,
    "incomeTaxExpense": 1086000000,
    "netIncomeFromContinuingOperations": 1680000000,
    "netIncomeFromDiscontinuedOperations": 0,
    "otherAdjustmentsToNetIncome": 57000000,
    "netIncome": 1680000000,
    "netIncomeDeductions": 38000000,
    "bottomLineNetIncome": 1642000000,
    "eps": 0.34,
    "epsDiluted": 0.33,
    "weightedAverageShsOut": 4960526316,
    "weightedAverageShsOutDil": 5026666667
  },
  {
    "date": "1995-09-30",
    "symbol": "XOM",
    "reportedCurrency": "USD",
    "cik": "0000034088",
    "filingDate": "1995-11-13",
    "acceptedDate": "1995-11-13 00:00:00",
    "fiscalYear": "1995",
    "period": "Q3",
    "revenue": 27025000000,
    "costOfRevenue": 15459000000,
    "grossProfit": 11566000000,
    "researchAndDevelopmentExpenses": 0,
    "generalAndAdministrativeExpenses": 0,
    "sellingAndMarketingExpenses": 0,
    "sellingGeneralAndAdministrativeExpenses": 1857000000,
    "otherExpenses": 7334000000,
    "operatingExpenses": 9191000000,
    "costAndExpenses": 24650000000,
    "netInterestIncome": 0,
    "interestIncome": 0,
    "interestExpense": 0,
    "depreciationAndAmortization": 1340000000,
    "ebitda": 3715000000,
    "ebit": 2375000000,
    "nonOperatingIncomeExcludingInterest": 0,
    "operatingIncome": 2375000000,
    "totalOtherIncomeExpensesNet": 116000000,
    "incomeBeforeTax": 2491000000,
    "incomeTaxExpense": 991000000,
    "netIncomeFromContinuingOperations": 1500000000,
    "netIncomeFromDiscontinuedOperations": 0,
    "otherAdjustmentsToNetIncome": 84000000,
    "netIncome": 1500000000,
    "netIncomeDeductions": 0,
    "bottomLineNetIncome": 1500000000,
    "eps": 0.3,
    "epsDiluted": 0.3,
    "weightedAverageShsOut": 5000000000,
    "weightedAverageShsOutDil": 5000000000
  },
  {
    "date": "1995-06-30",
    "symbol": "XOM",
    "reportedCurrency": "USD",
    "cik": "0000034088",
    "filingDate": "1995-08-10",
    "acceptedDate": "1995-08-10 00:00:00",
    "fiscalYear": "1995",
    "period": "Q2",
    "revenue": 27846000000,
    "costOfRevenue": 16570000000,
    "grossProfit": 11276000000,
    "researchAndDevelopmentExpenses": 0,
    "generalAndAdministrativeExpenses": 0,
    "sellingAndMarketingExpenses": 0,
    "sellingGeneralAndAdministrativeExpenses": 1755000000,
    "otherExpenses": 7168000000,
    "operatingExpenses": 8923000000,
    "costAndExpenses": 25493000000,
    "netInterestIncome": 0,
    "interestIncome": 0,
    "interestExpense": 0,
    "depreciationAndAmortization": 1328000000,
    "ebitda": 3681000000,
    "ebit": 2353000000,
    "nonOperatingIncomeExcludingInterest": 0,
    "operatingIncome": 2353000000,
    "totalOtherIncomeExpensesNet": 321000000,
    "incomeBeforeTax": 2674000000,
    "incomeTaxExpense": 1044000000,
    "netIncomeFromContinuingOperations": 1630000000,
    "netIncomeFromDiscontinuedOperations": 0,
    "otherAdjustmentsToNetIncome": 86000000,
    "netIncome": 1630000000,
    "netIncomeDeductions": 0,
    "bottomLineNetIncome": 1630000000,
    "eps": 0.33,
    "epsDiluted": 0.33,
    "weightedAverageShsOut": 5015384615,
    "weightedAverageShsOutDil": 5015384615
  },
  {
    "date": "1995-03-31",
    "symbol": "XOM",
    "reportedCurrency": "USD",
    "cik": "0000034088",
    "filingDate": "1995-05-11",
    "acceptedDate": "1995-05-11 00:00:00",
    "fiscalYear": "1995",
    "period": "Q1",
    "revenue": 26127000000,
    "costOfRevenue": 15450000000,
    "grossProfit": 10677000000,
    "researchAndDevelopmentExpenses": 0,
    "generalAndAdministrativeExpenses": 0,
    "sellingAndMarketingExpenses": 0,
    "sellingGeneralAndAdministrativeExpenses": 1731000000,
    "otherExpenses": 6800000000,
    "operatingExpenses": 8531000000,
    "costAndExpenses": 23981000000,
    "netInterestIncome": 0,
    "interestIncome": 0,
    "interestExpense": 0,
    "depreciationAndAmortization": 1336000000,
    "ebitda": 3482000000,
    "ebit": 2146000000,
    "nonOperatingIncomeExcludingInterest": 0,
    "operatingIncome": 2146000000,
    "totalOtherIncomeExpensesNet": 365000000,
    "incomeBeforeTax": 2511000000,
    "incomeTaxExpense": 851000000,
    "netIncomeFromContinuingOperations": 1660000000,
    "netIncomeFromDiscontinuedOperations": 0,
    "otherAdjustmentsToNetIncome": 74000000,
    "netIncome": 1660000000,
    "netIncomeDeductions": 0,
    "bottomLineNetIncome": 1660000000,
    "eps": 0.34,
    "epsDiluted": 0.34,
    "weightedAverageShsOut": 4955223881,
    "weightedAverageShsOutDil": 4955223881
  },
  {
    "date": "1994-12-31",
    "symbol": "XOM",
    "reportedCurrency": "USD",
    "cik": "0000034088",
    "filingDate": "1995-03-10",
    "acceptedDate": "1995-03-10 00:00:00",
    "fiscalYear": "1994",
    "period": "Q4",
    "revenue": 26507000000,
    "costOfRevenue": 15393000000,
    "grossProfit": 11114000000,
    "researchAndDevelopmentExpenses": 0,
    "generalAndAdministrativeExpenses": 0,
    "sellingAndMarketingExpenses": 0,
    "sellingGeneralAndAdministrativeExpenses": 2092000000,
    "otherExpenses": 6913000000,
    "operatingExpenses": 9005000000,
    "costAndExpenses": 24398000000,
    "netInterestIncome": 0,
    "interestIncome": 0,
    "interestExpense": 0,
    "depreciationAndAmortization": 1306000000,
    "ebitda": 3415000000,
    "ebit": 2109000000,
    "nonOperatingIncomeExcludingInterest": 0,
    "operatingIncome": 2109000000,
    "totalOtherIncomeExpensesNet": 610000000,
    "incomeBeforeTax": 2719000000,
    "incomeTaxExpense": 819000000,
    "netIncomeFromContinuingOperations": 1900000000,
    "netIncomeFromDiscontinuedOperations": 0,
    "otherAdjustmentsToNetIncome": 44000000,
    "netIncome": 1900000000,
    "netIncomeDeductions": 42100000,
    "bottomLineNetIncome": 1857900000,
    "eps": 0.38,
    "epsDiluted": 0.38,
    "weightedAverageShsOut": 4765526127,
    "weightedAverageShsOutDil": 4955223881
  },
  {
    "date": "1994-09-30",
    "symbol": "XOM",
    "reportedCurrency": "USD",
    "cik": "0000034088",
    "filingDate": "1994-11-14",
    "acceptedDate": "1994-11-14 00:00:00",
    "fiscalYear": "1994",
    "period": "Q3",
    "revenue": 26047000000,
    "costOfRevenue": 15601000000,
    "grossProfit": 10446000000,
    "researchAndDevelopmentExpenses": 0,
    "generalAndAdministrativeExpenses": 0,
    "sellingAndMarketingExpenses": 0,
    "sellingGeneralAndAdministrativeExpenses": 1783000000,
    "otherExpenses": 6826000000,
    "operatingExpenses": 8609000000,
    "costAndExpenses": 24210000000,
    "netInterestIncome": 0,
    "interestIncome": 0,
    "interestExpense": 0,
    "depreciationAndAmortization": 1187000000,
    "ebitda": 3024000000,
    "ebit": 1837000000,
    "nonOperatingIncomeExcludingInterest": 0,
    "operatingIncome": 1837000000,
    "totalOtherIncomeExpensesNet": 103000000,
    "incomeBeforeTax": 1940000000,
    "incomeTaxExpense": 785000000,
    "netIncomeFromContinuingOperations": 1155000000,
    "netIncomeFromDiscontinuedOperations": 0,
    "otherAdjustmentsToNetIncome": 97000000,
    "netIncome": 1155000000,
    "netIncomeDeductions": 0,
    "bottomLineNetIncome": 1155000000,
    "eps": 0.23,
    "epsDiluted": 0.23,
    "weightedAverageShsOut": 5021739130,
    "weightedAverageShsOutDil": 5021739130
  },
  {
    "date": "1994-06-30",
    "symbol": "XOM",
    "reportedCurrency": "USD",
    "cik": "0000034088",
    "filingDate": "1994-08-15",
    "acceptedDate": "1994-08-15 00:00:00",
    "fiscalYear": "1994",
    "period": "Q2",
    "revenue": 24246000000,
    "costOfRevenue": 14767000000,
    "grossProfit": 9479000000,
    "researchAndDevelopmentExpenses": 0,
    "generalAndAdministrativeExpenses": 0,
    "sellingAndMarketingExpenses": 0,
    "sellingGeneralAndAdministrativeExpenses": 1735000000,
    "otherExpenses": 6379000000,
    "operatingExpenses": 8114000000,
    "costAndExpenses": 22881000000,
    "netInterestIncome": 0,
    "interestIncome": 0,
    "interestExpense": 0,
    "depreciationAndAmortization": 1233000000,
    "ebitda": 2598000000,
    "ebit": 1365000000,
    "nonOperatingIncomeExcludingInterest": 0,
    "operatingIncome": 1365000000,
    "totalOtherIncomeExpensesNet": 72000000,
    "incomeBeforeTax": 1437000000,
    "incomeTaxExpense": 552000000,
    "netIncomeFromContinuingOperations": 885000000,
    "netIncomeFromDiscontinuedOperations": 0,
    "otherAdjustmentsToNetIncome": 38000000,
    "netIncome": 885000000,
    "netIncomeDeductions": 0,
    "bottomLineNetIncome": 885000000,
    "eps": 0.18,
    "epsDiluted": 0.18,
    "weightedAverageShsOut": 5057142857,
    "weightedAverageShsOutDil": 5057142857
  },
  {
    "date": "1994-03-31",
    "symbol": "XOM",
    "reportedCurrency": "USD",
    "cik": "0000034088",
    "filingDate": "1994-05-11",
    "acceptedDate": "1994-05-11 00:00:00",
    "fiscalYear": "1994",
    "period": "Q1",
    "revenue": 22883000000,
    "costOfRevenue": 13463000000,
    "grossProfit": 9420000000,
    "researchAndDevelopmentExpenses": 0,
    "generalAndAdministrativeExpenses": 0,
    "sellingAndMarketingExpenses": 0,
    "sellingGeneralAndAdministrativeExpenses": 1616000000,
    "otherExpenses": 6081000000,
    "operatingExpenses": 7697000000,
    "costAndExpenses": 21160000000,
    "netInterestIncome": 0,
    "interestIncome": 0,
    "interestExpense": 0,
    "depreciationAndAmortization": 1289000000,
    "ebitda": 3012000000,
    "ebit": 1723000000,
    "nonOperatingIncomeExcludingInterest": 0,
    "operatingIncome": 1723000000,
    "totalOtherIncomeExpensesNet": -15000000,
    "incomeBeforeTax": 1708000000,
    "incomeTaxExpense": 548000000,
    "netIncomeFromContinuingOperations": 1160000000,
    "netIncomeFromDiscontinuedOperations": 0,
    "otherAdjustmentsToNetIncome": 54000000,
    "netIncome": 1160000000,
    "netIncomeDeductions": 0,
    "bottomLineNetIncome": 1160000000,
    "eps": 0.23,
    "epsDiluted": 0.23,
    "weightedAverageShsOut": 5043478261,
    "weightedAverageShsOutDil": 5043478261
  },
  {
    "date": "1993-12-31",
    "symbol": "XOM",
    "reportedCurrency": "USD",
    "cik": "0000034088",
    "filingDate": "1994-03-11",
    "acceptedDate": "1994-03-11 00:00:00",
    "fiscalYear": "1993",
    "period": "Q4",
    "revenue": 24529000000,
    "costOfRevenue": 13971000000,
    "grossProfit": 10558000000,
    "researchAndDevelopmentExpenses": 0,
    "generalAndAdministrativeExpenses": 0,
    "sellingAndMarketingExpenses": 0,
    "sellingGeneralAndAdministrativeExpenses": 1963000000,
    "otherExpenses": 6430000000,
    "operatingExpenses": 8393000000,
    "costAndExpenses": 22364000000,
    "netInterestIncome": 0,
    "interestIncome": 0,
    "interestExpense": 0,
    "depreciationAndAmortization": 1244000000,
    "ebitda": 3409000000,
    "ebit": 2165000000,
    "nonOperatingIncomeExcludingInterest": 0,
    "operatingIncome": 2165000000,
    "totalOtherIncomeExpensesNet": 216000000,
    "incomeBeforeTax": 2381000000,
    "incomeTaxExpense": 881000000,
    "netIncomeFromContinuingOperations": 1500000000,
    "netIncomeFromDiscontinuedOperations": 0,
    "otherAdjustmentsToNetIncome": 63000000,
    "netIncome": 1500000000,
    "netIncomeDeductions": 74900000,
    "bottomLineNetIncome": 1425100000,
    "eps": 0.3,
    "epsDiluted": 0.3,
    "weightedAverageShsOut": 4809084831,
    "weightedAverageShsOutDil": 5043478261
  },
  {
    "date": "1993-09-30",
    "symbol": "XOM",
    "reportedCurrency": "USD",
    "cik": "0000034088",
    "filingDate": "1993-09-30",
    "acceptedDate": "1993-09-30 00:00:00",
    "fiscalYear": "1993",
    "period": "Q3",
    "revenue": 24455000000,
    "costOfRevenue": 14822000000,
    "grossProfit": 9633000000,
    "researchAndDevelopmentExpenses": 0,
    "generalAndAdministrativeExpenses": 0,
    "sellingAndMarketingExpenses": 0,
    "sellingGeneralAndAdministrativeExpenses": 1676000000,
    "otherExpenses": 6203000000,
    "operatingExpenses": 7879000000,
    "costAndExpenses": 22701000000,
    "netInterestIncome": 0,
    "interestIncome": 0,
    "interestExpense": 0,
    "depreciationAndAmortization": 1210000000,
    "ebitda": 2964000000,
    "ebit": 1754000000,
    "nonOperatingIncomeExcludingInterest": 0,
    "operatingIncome": 1754000000,
    "totalOtherIncomeExpensesNet": 283000000,
    "incomeBeforeTax": 2037000000,
    "incomeTaxExpense": 677000000,
    "netIncomeFromContinuingOperations": 1360000000,
    "netIncomeFromDiscontinuedOperations": 0,
    "otherAdjustmentsToNetIncome": 64000000,
    "netIncome": 1360000000,
    "netIncomeDeductions": 0,
    "bottomLineNetIncome": 1360000000,
    "eps": 0.28,
    "epsDiluted": 0.28,
    "weightedAverageShsOut": 4945454545,
    "weightedAverageShsOutDil": 4945454545
  },
  {
    "date": "1993-06-30",
    "symbol": "XOM",
    "reportedCurrency": "USD",
    "cik": "0000034088",
    "filingDate": "1993-06-30",
    "acceptedDate": "1993-06-30 00:00:00",
    "fiscalYear": "1993",
    "period": "Q2",
    "revenue": 24702000000,
    "costOfRevenue": 15056000000,
    "grossProfit": 9646000000,
    "researchAndDevelopmentExpenses": 0,
    "generalAndAdministrativeExpenses": 0,
    "sellingAndMarketingExpenses": 0,
    "sellingGeneralAndAdministrativeExpenses": 1762000000,
    "otherExpenses": 6220000000,
    "operatingExpenses": 7982000000,
    "costAndExpenses": 23038000000,
    "netInterestIncome": 0,
    "interestIncome": 0,
    "interestExpense": 0,
    "depreciationAndAmortization": 1236000000,
    "ebitda": 2900000000,
    "ebit": 1664000000,
    "nonOperatingIncomeExcludingInterest": 0,
    "operatingIncome": 1664000000,
    "totalOtherIncomeExpensesNet": 100000000,
    "incomeBeforeTax": 1764000000,
    "incomeTaxExpense": 529000000,
    "netIncomeFromContinuingOperations": 1235000000,
    "netIncomeFromDiscontinuedOperations": 0,
    "otherAdjustmentsToNetIncome": 58000000,
    "netIncome": 1235000000,
    "netIncomeDeductions": 0,
    "bottomLineNetIncome": 1235000000,
    "eps": 0.25,
    "epsDiluted": 0.25,
    "weightedAverageShsOut": 5040816327,
    "weightedAverageShsOutDil": 5040816327
  },
  {
    "date": "1993-03-31",
    "symbol": "XOM",
    "reportedCurrency": "USD",
    "cik": "0000034088",
    "filingDate": "1993-03-31",
    "acceptedDate": "1993-03-31 00:00:00",
    "fiscalYear": "1993",
    "period": "Q1",
    "revenue": 24139000000,
    "costOfRevenue": 15034000000,
    "grossProfit": 9105000000,
    "researchAndDevelopmentExpenses": 0,
    "generalAndAdministrativeExpenses": 0,
    "sellingAndMarketingExpenses": 0,
    "sellingGeneralAndAdministrativeExpenses": 1608000000,
    "otherExpenses": 5776000000,
    "operatingExpenses": 7384000000,
    "costAndExpenses": 22418000000,
    "netInterestIncome": 0,
    "interestIncome": 0,
    "interestExpense": 0,
    "depreciationAndAmortization": 1194000000,
    "ebitda": 2915000000,
    "ebit": 1721000000,
    "nonOperatingIncomeExcludingInterest": 0,
    "operatingIncome": 1721000000,
    "totalOtherIncomeExpensesNet": 149000000,
    "incomeBeforeTax": 1870000000,
    "incomeTaxExpense": 685000000,
    "netIncomeFromContinuingOperations": 1185000000,
    "netIncomeFromDiscontinuedOperations": 0,
    "otherAdjustmentsToNetIncome": 65000000,
    "netIncome": 1185000000,
    "netIncomeDeductions": 0,
    "bottomLineNetIncome": 1185000000,
    "eps": 0.24,
    "epsDiluted": 0.24,
    "weightedAverageShsOut": 5042553191,
    "weightedAverageShsOutDil": 5042553191
  },
  {
    "date": "1992-12-31",
    "symbol": "XOM",
    "reportedCurrency": "USD",
    "cik": "0000034088",
    "filingDate": "1992-12-31",
    "acceptedDate": "1992-12-31 00:00:00",
    "fiscalYear": "1992",
    "period": "Q4",
    "revenue": 26897000000,
    "costOfRevenue": 16561000000,
    "grossProfit": 10336000000,
    "researchAndDevelopmentExpenses": 0,
    "generalAndAdministrativeExpenses": 0,
    "sellingAndMarketingExpenses": 0,
    "sellingGeneralAndAdministrativeExpenses": 1823000000,
    "otherExpenses": 6773000000,
    "operatingExpenses": 8596000000,
    "costAndExpenses": 25157000000,
    "netInterestIncome": 0,
    "interestIncome": 0,
    "interestExpense": 0,
    "depreciationAndAmortization": 1484000000,
    "ebitda": 3224000000,
    "ebit": 1740000000,
    "nonOperatingIncomeExcludingInterest": 0,
    "operatingIncome": 1740000000,
    "totalOtherIncomeExpensesNet": 336000000,
    "incomeBeforeTax": 2076000000,
    "incomeTaxExpense": 706000000,
    "netIncomeFromContinuingOperations": 1370000000,
    "netIncomeFromDiscontinuedOperations": 0,
    "otherAdjustmentsToNetIncome": 8000000,
    "netIncome": 1330000000,
    "netIncomeDeductions": 60800000,
    "bottomLineNetIncome": 1269200000,
    "eps": 0.26,
    "epsDiluted": 0.26,
    "weightedAverageShsOut": 4867428262,
    "weightedAverageShsOutDil": 5042553191
  },
  {
    "date": "1992-09-30",
    "symbol": "XOM",
    "reportedCurrency": "USD",
    "cik": "0000034088",
    "filingDate": "1992-09-30",
    "acceptedDate": "1992-09-30 00:00:00",
    "fiscalYear": "1992",
    "period": "Q3",
    "revenue": 27241000000,
    "costOfRevenue": 16473000000,
    "grossProfit": 10768000000,
    "researchAndDevelopmentExpenses": 0,
    "generalAndAdministrativeExpenses": 0,
    "sellingAndMarketingExpenses": 0,
    "sellingGeneralAndAdministrativeExpenses": 1812000000,
    "otherExpenses": 6902000000,
    "operatingExpenses": 8714000000,
    "costAndExpenses": 25187000000,
    "netInterestIncome": 0,
    "interestIncome": 0,
    "interestExpense": 0,
    "depreciationAndAmortization": 1035000000,
    "ebitda": 3089000000,
    "ebit": 2054000000,
    "nonOperatingIncomeExcludingInterest": 0,
    "operatingIncome": 2054000000,
    "totalOtherIncomeExpensesNet": -112000000,
    "incomeBeforeTax": 1942000000,
    "incomeTaxExpense": 807000000,
    "netIncomeFromContinuingOperations": 1135000000,
    "netIncomeFromDiscontinuedOperations": 0,
    "otherAdjustmentsToNetIncome": 92000000,
    "netIncome": 1135000000,
    "netIncomeDeductions": 0,
    "bottomLineNetIncome": 1135000000,
    "eps": 0.23,
    "epsDiluted": 0.23,
    "weightedAverageShsOut": 5044444444,
    "weightedAverageShsOutDil": 5044444444
  },
  {
    "date": "1992-06-30",
    "symbol": "XOM",
    "reportedCurrency": "USD",
    "cik": "0000034088",
    "filingDate": "1992-06-30",
    "acceptedDate": "1992-06-30 00:00:00",
    "fiscalYear": "1992",
    "period": "Q2",
    "revenue": 24547000000,
    "costOfRevenue": 14997000000,
    "grossProfit": 9550000000,
    "researchAndDevelopmentExpenses": 0,
    "generalAndAdministrativeExpenses": 0,
    "sellingAndMarketingExpenses": 0,
    "sellingGeneralAndAdministrativeExpenses": 1927000000,
    "otherExpenses": 6317000000,
    "operatingExpenses": 8244000000,
    "costAndExpenses": 23241000000,
    "netInterestIncome": 0,
    "interestIncome": 0,
    "interestExpense": 0,
    "depreciationAndAmortization": 1223000000,
    "ebitda": 2529000000,
    "ebit": 1306000000,
    "nonOperatingIncomeExcludingInterest": 0,
    "operatingIncome": 1306000000,
    "totalOtherIncomeExpensesNet": -28000000,
    "incomeBeforeTax": 1278000000,
    "incomeTaxExpense": 323000000,
    "netIncomeFromContinuingOperations": 955000000,
    "netIncomeFromDiscontinuedOperations": 0,
    "otherAdjustmentsToNetIncome": 57000000,
    "netIncome": 955000000,
    "netIncomeDeductions": 0,
    "bottomLineNetIncome": 955000000,
    "eps": 0.19,
    "epsDiluted": 0.19,
    "weightedAverageShsOut": 5026315789,
    "weightedAverageShsOutDil": 5026315789
  },
  {
    "date": "1992-03-31",
    "symbol": "XOM",
    "reportedCurrency": "USD",
    "cik": "0000034088",
    "filingDate": "1992-03-31",
    "acceptedDate": "1992-03-31 00:00:00",
    "fiscalYear": "1992",
    "period": "Q1",
    "revenue": 24475000000,
    "costOfRevenue": 14256000000,
    "grossProfit": 10219000000,
    "researchAndDevelopmentExpenses": 0,
    "generalAndAdministrativeExpenses": 0,
    "sellingAndMarketingExpenses": 0,
    "sellingGeneralAndAdministrativeExpenses": 1870000000,
    "otherExpenses": 6565000000,
    "operatingExpenses": 8435000000,
    "costAndExpenses": 22691000000,
    "netInterestIncome": 0,
    "interestIncome": 0,
    "interestExpense": 0,
    "depreciationAndAmortization": 1302000000,
    "ebitda": 3086000000,
    "ebit": 1784000000,
    "nonOperatingIncomeExcludingInterest": 0,
    "operatingIncome": 1784000000,
    "totalOtherIncomeExpensesNet": 207000000,
    "incomeBeforeTax": 1991000000,
    "incomeTaxExpense": 641000000,
    "netIncomeFromContinuingOperations": 1350000000,
    "netIncomeFromDiscontinuedOperations": 0,
    "otherAdjustmentsToNetIncome": 50000000,
    "netIncome": 1350000000,
    "netIncomeDeductions": 0,
    "bottomLineNetIncome": 1350000000,
    "eps": 0.27,
    "epsDiluted": 0.27,
    "weightedAverageShsOut": 5000000000,
    "weightedAverageShsOutDil": 5000000000
  },
  {
    "date": "1991-12-31",
    "symbol": "XOM",
    "reportedCurrency": "USD",
    "cik": "0000034088",
    "filingDate": "1991-12-31",
    "acceptedDate": "1991-12-31 00:00:00",
    "fiscalYear": "1991",
    "period": "Q4",
    "revenue": 27121000000,
    "costOfRevenue": 16660000000,
    "grossProfit": 10461000000,
    "researchAndDevelopmentExpenses": 0,
    "generalAndAdministrativeExpenses": 0,
    "sellingAndMarketingExpenses": 0,
    "sellingGeneralAndAdministrativeExpenses": 2214000000,
    "otherExpenses": 6796000000,
    "operatingExpenses": 9010000000,
    "costAndExpenses": 25670000000,
    "netInterestIncome": 0,
    "interestIncome": 0,
    "interestExpense": 0,
    "depreciationAndAmortization": 1237000000,
    "ebitda": 2688000000,
    "ebit": 1451000000,
    "nonOperatingIncomeExcludingInterest": 0,
    "operatingIncome": 1451000000,
    "totalOtherIncomeExpensesNet": 290000000,
    "incomeBeforeTax": 1741000000,
    "incomeTaxExpense": 621000000,
    "netIncomeFromContinuingOperations": 1120000000,
    "netIncomeFromDiscontinuedOperations": 0,
    "otherAdjustmentsToNetIncome": -57000000,
    "netIncome": 1120000000,
    "netIncomeDeductions": 65500000,
    "bottomLineNetIncome": 1054500000,
    "eps": 0.22,
    "epsDiluted": 0.22,
    "weightedAverageShsOut": 4753584925,
    "weightedAverageShsOutDil": 5000000000
  },
  {
    "date": "1991-09-30",
    "symbol": "XOM",
    "reportedCurrency": "USD",
    "cik": "0000034088",
    "filingDate": "1991-09-30",
    "acceptedDate": "1991-09-30 00:00:00",
    "fiscalYear": "1991",
    "period": "Q3",
    "revenue": 24238000000,
    "costOfRevenue": 14503000000,
    "grossProfit": 9735000000,
    "researchAndDevelopmentExpenses": 0,
    "generalAndAdministrativeExpenses": 0,
    "sellingAndMarketingExpenses": 0,
    "sellingGeneralAndAdministrativeExpenses": 1905000000,
    "otherExpenses": 6210000000,
    "operatingExpenses": 8115000000,
    "costAndExpenses": 22618000000,
    "netInterestIncome": 0,
    "interestIncome": 0,
    "interestExpense": 0,
    "depreciationAndAmortization": 1194000000,
    "ebitda": 2814000000,
    "ebit": 1620000000,
    "nonOperatingIncomeExcludingInterest": 0,
    "operatingIncome": 1620000000,
    "totalOtherIncomeExpensesNet": -51000000,
    "incomeBeforeTax": 1569000000,
    "incomeTaxExpense": 454000000,
    "netIncomeFromContinuingOperations": 1115000000,
    "netIncomeFromDiscontinuedOperations": 0,
    "otherAdjustmentsToNetIncome": 76000000,
    "netIncome": 1115000000,
    "netIncomeDeductions": 0,
    "bottomLineNetIncome": 1115000000,
    "eps": 0.22,
    "epsDiluted": 0.22,
    "weightedAverageShsOut": 5068181818,
    "weightedAverageShsOutDil": 5068181818
  },
  {
    "date": "1991-06-30",
    "symbol": "XOM",
    "reportedCurrency": "USD",
    "cik": "0000034088",
    "filingDate": "1991-06-30",
    "acceptedDate": "1991-06-30 00:00:00",
    "fiscalYear": "1991",
    "period": "Q2",
    "revenue": 24251000000,
    "costOfRevenue": 14322000000,
    "grossProfit": 9929000000,
    "researchAndDevelopmentExpenses": 0,
    "generalAndAdministrativeExpenses": 0,
    "sellingAndMarketingExpenses": 0,
    "sellingGeneralAndAdministrativeExpenses": 1928000000,
    "otherExpenses": 6279000000,
    "operatingExpenses": 8207000000,
    "costAndExpenses": 22529000000,
    "netInterestIncome": 0,
    "interestIncome": 0,
    "interestExpense": 0,
    "depreciationAndAmortization": 1188000000,
    "ebitda": 2910000000,
    "ebit": 1722000000,
    "nonOperatingIncomeExcludingInterest": 0,
    "operatingIncome": 1722000000,
    "totalOtherIncomeExpensesNet": 65000000,
    "incomeBeforeTax": 1787000000,
    "incomeTaxExpense": 662000000,
    "netIncomeFromContinuingOperations": 1125000000,
    "netIncomeFromDiscontinuedOperations": 0,
    "otherAdjustmentsToNetIncome": 47000000,
    "netIncome": 1125000000,
    "netIncomeDeductions": 0,
    "bottomLineNetIncome": 1125000000,
    "eps": 0.23,
    "epsDiluted": 0.23,
    "weightedAverageShsOut": 5000000000,
    "weightedAverageShsOutDil": 5000000000
  },
  {
    "date": "1991-03-31",
    "symbol": "XOM",
    "reportedCurrency": "USD",
    "cik": "0000034088",
    "filingDate": "1991-03-31",
    "acceptedDate": "1991-03-31 00:00:00",
    "fiscalYear": "1991",
    "period": "Q1",
    "revenue": 27237000000,
    "costOfRevenue": 15763000000,
    "grossProfit": 11474000000,
    "researchAndDevelopmentExpenses": 0,
    "generalAndAdministrativeExpenses": 0,
    "sellingAndMarketingExpenses": 0,
    "sellingGeneralAndAdministrativeExpenses": 1834000000,
    "otherExpenses": 6362000000,
    "operatingExpenses": 8196000000,
    "costAndExpenses": 23959000000,
    "netInterestIncome": 0,
    "interestIncome": 0,
    "interestExpense": 0,
    "depreciationAndAmortization": 1205000000,
    "ebitda": 4483000000,
    "ebit": 3278000000,
    "nonOperatingIncomeExcludingInterest": 0,
    "operatingIncome": 3278000000,
    "totalOtherIncomeExpensesNet": 143000000,
    "incomeBeforeTax": 3421000000,
    "incomeTaxExpense": 1181000000,
    "netIncomeFromContinuingOperations": 2240000000,
    "netIncomeFromDiscontinuedOperations": 0,
    "otherAdjustmentsToNetIncome": 101000000,
    "netIncome": 2240000000,
    "netIncomeDeductions": 0,
    "bottomLineNetIncome": 2240000000,
    "eps": 0.45,
    "epsDiluted": 0.45,
    "weightedAverageShsOut": 5033707865,
    "weightedAverageShsOutDil": 5033707865
  },
  {
    "date": "1990-12-31",
    "symbol": "XOM",
    "reportedCurrency": "USD",
    "cik": "0000034088",
    "filingDate": "1990-12-31",
    "acceptedDate": "1990-12-31 00:00:00",
    "fiscalYear": "1990",
    "period": "Q4",
    "revenue": 31862000000,
    "costOfRevenue": 19714000000,
    "grossProfit": 12148000000,
    "researchAndDevelopmentExpenses": 0,
    "generalAndAdministrativeExpenses": 0,
    "sellingAndMarketingExpenses": 0,
    "sellingGeneralAndAdministrativeExpenses": 2492000000,
    "otherExpenses": 7216000000,
    "operatingExpenses": 9708000000,
    "costAndExpenses": 29422000000,
    "netInterestIncome": 0,
    "interestIncome": 0,
    "interestExpense": 0,
    "depreciationAndAmortization": 1751000000,
    "ebitda": 4191000000,
    "ebit": 2440000000,
    "nonOperatingIncomeExcludingInterest": 0,
    "operatingIncome": 2440000000,
    "totalOtherIncomeExpensesNet": -175000000,
    "incomeBeforeTax": 2265000000,
    "incomeTaxExpense": 710000000,
    "netIncomeFromContinuingOperations": 1555000000,
    "netIncomeFromDiscontinuedOperations": 0,
    "otherAdjustmentsToNetIncome": 33000000,
    "netIncome": 1555000000,
    "netIncomeDeductions": 70200000,
    "bottomLineNetIncome": 1484800000,
    "eps": 0.31,
    "epsDiluted": 0.31,
    "weightedAverageShsOut": 4827401017,
    "weightedAverageShsOutDil": 5033707865
  },
  {
    "date": "1990-09-30",
    "symbol": "XOM",
    "reportedCurrency": "USD",
    "cik": "0000034088",
    "filingDate": "1990-09-30",
    "acceptedDate": "1990-09-30 00:00:00",
    "fiscalYear": "1990",
    "period": "Q3",
    "revenue": 26086000000,
    "costOfRevenue": 15944000000,
    "grossProfit": 10142000000,
    "researchAndDevelopmentExpenses": 0,
    "generalAndAdministrativeExpenses": 0,
    "sellingAndMarketingExpenses": 0,
    "sellingGeneralAndAdministrativeExpenses": 1863000000,
    "otherExpenses": 6316000000,
    "operatingExpenses": 8179000000,
    "costAndExpenses": 24123000000,
    "netInterestIncome": 0,
    "interestIncome": 0,
    "interestExpense": 0,
    "depreciationAndAmortization": 1185000000,
    "ebitda": 3148000000,
    "ebit": 1963000000,
    "nonOperatingIncomeExcludingInterest": 0,
    "operatingIncome": 1963000000,
    "totalOtherIncomeExpensesNet": -107000000,
    "incomeBeforeTax": 1856000000,
    "incomeTaxExpense": 781000000,
    "netIncomeFromContinuingOperations": 1075000000,
    "netIncomeFromDiscontinuedOperations": 0,
    "otherAdjustmentsToNetIncome": 58000000,
    "netIncome": 1075000000,
    "netIncomeDeductions": 0,
    "bottomLineNetIncome": 1075000000,
    "eps": 0.22,
    "epsDiluted": 0.22,
    "weightedAverageShsOut": 5000000000,
    "weightedAverageShsOutDil": 5000000000
  },
  {
    "date": "1990-06-30",
    "symbol": "XOM",
    "reportedCurrency": "USD",
    "cik": "0000034088",
    "filingDate": "1990-06-30",
    "acceptedDate": "1990-06-30 00:00:00",
    "fiscalYear": "1990",
    "period": "Q2",
    "revenue": 23444000000,
    "costOfRevenue": 13601000000,
    "grossProfit": 9843000000,
    "researchAndDevelopmentExpenses": 0,
    "generalAndAdministrativeExpenses": 0,
    "sellingAndMarketingExpenses": 0,
    "sellingGeneralAndAdministrativeExpenses": 1800000000,
    "otherExpenses": 6162000000,
    "operatingExpenses": 7962000000,
    "costAndExpenses": 21563000000,
    "netInterestIncome": 0,
    "interestIncome": 0,
    "interestExpense": 0,
    "depreciationAndAmortization": 1323000000,
    "ebitda": 3204000000,
    "ebit": 1881000000,
    "nonOperatingIncomeExcludingInterest": 0,
    "operatingIncome": 1881000000,
    "totalOtherIncomeExpensesNet": -12000000,
    "incomeBeforeTax": 1869000000,
    "incomeTaxExpense": 769000000,
    "netIncomeFromContinuingOperations": 1100000000,
    "netIncomeFromDiscontinuedOperations": 0,
    "otherAdjustmentsToNetIncome": 110000000,
    "netIncome": 1100000000,
    "netIncomeDeductions": 0,
    "bottomLineNetIncome": 1100000000,
    "eps": 0.22,
    "epsDiluted": 0.22,
    "weightedAverageShsOut": 5000000000,
    "weightedAverageShsOutDil": 5000000000
  },
  {
    "date": "1990-03-31",
    "symbol": "XOM",
    "reportedCurrency": "USD",
    "cik": "0000034088",
    "filingDate": "1990-03-31",
    "acceptedDate": "1990-03-31 00:00:00",
    "fiscalYear": "1990",
    "period": "Q1",
    "revenue": 24127000000,
    "costOfRevenue": 14439000000,
    "grossProfit": 9688000000,
    "researchAndDevelopmentExpenses": 0,
    "generalAndAdministrativeExpenses": 0,
    "sellingAndMarketingExpenses": 0,
    "sellingGeneralAndAdministrativeExpenses": 1621000000,
    "otherExpenses": 5745000000,
    "operatingExpenses": 7366000000,
    "costAndExpenses": 21805000000,
    "netInterestIncome": 0,
    "interestIncome": 0,
    "interestExpense": 0,
    "depreciationAndAmortization": 1286000000,
    "ebitda": 3608000000,
    "ebit": 2322000000,
    "nonOperatingIncomeExcludingInterest": 0,
    "operatingIncome": 2322000000,
    "totalOtherIncomeExpensesNet": -132000000,
    "incomeBeforeTax": 2190000000,
    "incomeTaxExpense": 910000000,
    "netIncomeFromContinuingOperations": 1280000000,
    "netIncomeFromDiscontinuedOperations": 0,
    "otherAdjustmentsToNetIncome": 71000000,
    "netIncome": 1280000000,
    "netIncomeDeductions": 0,
    "bottomLineNetIncome": 1280000000,
    "eps": 0.26,
    "epsDiluted": 0.26,
    "weightedAverageShsOut": 5019607843,
    "weightedAverageShsOutDil": 5019607843
  },
  {
    "date": "1989-12-31",
    "symbol": "XOM",
    "reportedCurrency": "USD",
    "cik": "0000034088",
    "filingDate": "1989-12-31",
    "acceptedDate": "1989-12-31 00:00:00",
    "fiscalYear": "1989",
    "period": "Q4",
    "revenue": 23696000000,
    "costOfRevenue": 14255000000,
    "grossProfit": 9441000000,
    "researchAndDevelopmentExpenses": 0,
    "generalAndAdministrativeExpenses": 0,
    "sellingAndMarketingExpenses": 0,
    "sellingGeneralAndAdministrativeExpenses": 1535000000,
    "otherExpenses": 6060000000,
    "operatingExpenses": 7595000000,
    "costAndExpenses": 21850000000,
    "netInterestIncome": 0,
    "interestIncome": 0,
    "interestExpense": 0,
    "depreciationAndAmortization": 1483000000,
    "ebitda": 3329000000,
    "ebit": 1846000000,
    "nonOperatingIncomeExcludingInterest": 0,
    "operatingIncome": 1846000000,
    "totalOtherIncomeExpensesNet": -1086000000,
    "incomeBeforeTax": 760000000,
    "incomeTaxExpense": 325000000,
    "netIncomeFromContinuingOperations": 435000000,
    "netIncomeFromDiscontinuedOperations": 0,
    "otherAdjustmentsToNetIncome": 597000000,
    "netIncome": 970000000,
    "netIncomeDeductions": 0,
    "bottomLineNetIncome": 970000000,
    "eps": 0.0867,
    "epsDiluted": 0.0867,
    "weightedAverageShsOut": 5019607843,
    "weightedAverageShsOutDil": 5019607843
  },
  {
    "date": "1989-09-30",
    "symbol": "XOM",
    "reportedCurrency": "USD",
    "cik": "0000034088",
    "filingDate": "1989-09-30",
    "acceptedDate": "1989-09-29 20:00:00",
    "fiscalYear": "1989",
    "period": "Q3",
    "revenue": 21248000000,
    "costOfRevenue": 12287000000,
    "grossProfit": 8961000000,
    "researchAndDevelopmentExpenses": 0,
    "generalAndAdministrativeExpenses": 0,
    "sellingAndMarketingExpenses": 0,
    "sellingGeneralAndAdministrativeExpenses": 1750000000,
    "otherExpenses": 5212000000,
    "operatingExpenses": 6962000000,
    "costAndExpenses": 19249000000,
    "netInterestIncome": 0,
    "interestIncome": 0,
    "interestExpense": 0,
    "depreciationAndAmortization": 1205000000,
    "ebitda": 3204000000,
    "ebit": 1999000000,
    "nonOperatingIncomeExcludingInterest": 0,
    "operatingIncome": 1999000000,
    "totalOtherIncomeExpensesNet": -222000000,
    "incomeBeforeTax": 1777000000,
    "incomeTaxExpense": 667000000,
    "netIncomeFromContinuingOperations": 1110000000,
    "netIncomeFromDiscontinuedOperations": 0,
    "otherAdjustmentsToNetIncome": 74000000,
    "netIncome": 1110000000,
    "netIncomeDeductions": 0,
    "bottomLineNetIncome": 1110000000,
    "eps": 0.22,
    "epsDiluted": 0.22,
    "weightedAverageShsOut": 5045454545,
    "weightedAverageShsOutDil": 5045454545
  },
  {
    "date": "1989-06-30",
    "symbol": "XOM",
    "reportedCurrency": "USD",
    "cik": "0000034088",
    "filingDate": "1989-06-30",
    "acceptedDate": "1989-06-29 20:00:00",
    "fiscalYear": "1989",
    "period": "Q2",
    "revenue": 23611000000,
    "costOfRevenue": 0,
    "grossProfit": 23611000000,
    "researchAndDevelopmentExpenses": 0,
    "generalAndAdministrativeExpenses": 0,
    "sellingAndMarketingExpenses": 0,
    "sellingGeneralAndAdministrativeExpenses": 0,
    "otherExpenses": 0,
    "operatingExpenses": 0,
    "costAndExpenses": 0,
    "netInterestIncome": 0,
    "interestIncome": 0,
    "interestExpense": 0,
    "depreciationAndAmortization": 0,
    "ebitda": 23611000000,
    "ebit": 23611000000,
    "nonOperatingIncomeExcludingInterest": 0,
    "operatingIncome": 23611000000,
    "totalOtherIncomeExpensesNet": -23611000000,
    "incomeBeforeTax": 0,
    "incomeTaxExpense": 0,
    "netIncomeFromContinuingOperations": 160000000,
    "netIncomeFromDiscontinuedOperations": 0,
    "otherAdjustmentsToNetIncome": 0,
    "netIncome": 160000000,
    "netIncomeDeductions": 0,
    "bottomLineNetIncome": 160000000,
    "eps": 0.035,
    "epsDiluted": 0.035,
    "weightedAverageShsOut": 5095504000,
    "weightedAverageShsOutDil": 5095504000
  },
  {
    "date": "1989-03-31",
    "symbol": "XOM",
    "reportedCurrency": "USD",
    "cik": "0000034088",
    "filingDate": "1989-03-31",
    "acceptedDate": "1989-03-30 19:00:00",
    "fiscalYear": "1989",
    "period": "Q1",
    "revenue": 22244000000,
    "costOfRevenue": 0,
    "grossProfit": 22244000000,
    "researchAndDevelopmentExpenses": 0,
    "generalAndAdministrativeExpenses": 0,
    "sellingAndMarketingExpenses": 0,
    "sellingGeneralAndAdministrativeExpenses": 0,
    "otherExpenses": 0,
    "operatingExpenses": 0,
    "costAndExpenses": 0,
    "netInterestIncome": 0,
    "interestIncome": 0,
    "interestExpense": 0,
    "depreciationAndAmortization": 0,
    "ebitda": 22244000000,
    "ebit": 22244000000,
    "nonOperatingIncomeExcludingInterest": 0,
    "operatingIncome": 22244000000,
    "totalOtherIncomeExpensesNet": -22244000000,
    "incomeBeforeTax": 0,
    "incomeTaxExpense": 0,
    "netIncomeFromContinuingOperations": 1270000000,
    "netIncomeFromDiscontinuedOperations": 0,
    "otherAdjustmentsToNetIncome": 0,
    "netIncome": 1270000000,
    "netIncomeDeductions": 0,
    "bottomLineNetIncome": 1270000000,
    "eps": 0.25,
    "epsDiluted": 0.25,
    "weightedAverageShsOut": 5154800000,
    "weightedAverageShsOutDil": 5154800000
  },
  {
    "date": "1988-12-31",
    "symbol": "XOM",
    "reportedCurrency": "USD",
    "cik": "0000034088",
    "filingDate": "1988-12-31",
    "acceptedDate": "1988-12-30 19:00:00",
    "fiscalYear": "1988",
    "period": "Q4",
    "revenue": 19478000000,
    "costOfRevenue": 0,
    "grossProfit": 19478000000,
    "researchAndDevelopmentExpenses": 0,
    "generalAndAdministrativeExpenses": 0,
    "sellingAndMarketingExpenses": 0,
    "sellingGeneralAndAdministrativeExpenses": 0,
    "otherExpenses": 71270000000,
    "operatingExpenses": 71270000000,
    "costAndExpenses": 71270000000,
    "netInterestIncome": 0,
    "interestIncome": 0,
    "interestExpense": 0,
    "depreciationAndAmortization": 0,
    "ebitda": -51792000000,
    "ebit": -51792000000,
    "nonOperatingIncomeExcludingInterest": 0,
    "operatingIncome": -51792000000,
    "totalOtherIncomeExpensesNet": 51792000000,
    "incomeBeforeTax": 0,
    "incomeTaxExpense": 0,
    "netIncomeFromContinuingOperations": 1380000000,
    "netIncomeFromDiscontinuedOperations": 0,
    "otherAdjustmentsToNetIncome": 0,
    "netIncome": 1380000000,
    "netIncomeDeductions": 0,
    "bottomLineNetIncome": 1380000000,
    "eps": 0.2677116474,
    "epsDiluted": 0.2677116474,
    "weightedAverageShsOut": 5154800000,
    "weightedAverageShsOutDil": 5154800000
  },
  {
    "date": "1988-09-30",
    "symbol": "XOM",
    "reportedCurrency": "USD",
    "cik": "0000034088",
    "filingDate": "1988-09-30",
    "acceptedDate": "1988-09-29 20:00:00",
    "fiscalYear": "1988",
    "period": "Q3",
    "revenue": 19745000000,
    "costOfRevenue": 0,
    "grossProfit": 19745000000,
    "researchAndDevelopmentExpenses": 0,
    "generalAndAdministrativeExpenses": 0,
    "sellingAndMarketingExpenses": 0,
    "sellingGeneralAndAdministrativeExpenses": 0,
    "otherExpenses": 0,
    "operatingExpenses": 0,
    "costAndExpenses": 0,
    "netInterestIncome": 0,
    "interestIncome": 0,
    "interestExpense": 0,
    "depreciationAndAmortization": 0,
    "ebitda": 19745000000,
    "ebit": 19745000000,
    "nonOperatingIncomeExcludingInterest": 0,
    "operatingIncome": 19745000000,
    "totalOtherIncomeExpensesNet": -19745000000,
    "incomeBeforeTax": 0,
    "incomeTaxExpense": 0,
    "netIncomeFromContinuingOperations": 1225000000,
    "netIncomeFromDiscontinuedOperations": 0,
    "otherAdjustmentsToNetIncome": 0,
    "netIncome": 1225000000,
    "netIncomeDeductions": 0,
    "bottomLineNetIncome": 1225000000,
    "eps": 0.24,
    "epsDiluted": 0.24,
    "weightedAverageShsOut": 5232000000,
    "weightedAverageShsOutDil": 5232000000
  },
  {
    "date": "1988-06-30",
    "symbol": "XOM",
    "reportedCurrency": "USD",
    "cik": "0000034088",
    "filingDate": "1988-06-30",
    "acceptedDate": "1988-06-29 20:00:00",
    "fiscalYear": "1988",
    "period": "Q2",
    "revenue": 19928000000,
    "costOfRevenue": 0,
    "grossProfit": 19928000000,
    "researchAndDevelopmentExpenses": 0,
    "generalAndAdministrativeExpenses": 0,
    "sellingAndMarketingExpenses": 0,
    "sellingGeneralAndAdministrativeExpenses": 0,
    "otherExpenses": 0,
    "operatingExpenses": 0,
    "costAndExpenses": 0,
    "netInterestIncome": 0,
    "interestIncome": 0,
    "interestExpense": 0,
    "depreciationAndAmortization": 0,
    "ebitda": 19928000000,
    "ebit": 19928000000,
    "nonOperatingIncomeExcludingInterest": 0,
    "operatingIncome": 19928000000,
    "totalOtherIncomeExpensesNet": -19928000000,
    "incomeBeforeTax": 0,
    "incomeTaxExpense": 0,
    "netIncomeFromContinuingOperations": 1200000000,
    "netIncomeFromDiscontinuedOperations": 0,
    "otherAdjustmentsToNetIncome": 0,
    "netIncome": 1200000000,
    "netIncomeDeductions": 0,
    "bottomLineNetIncome": 1200000000,
    "eps": 0.23,
    "epsDiluted": 0.23,
    "weightedAverageShsOut": 5424800000,
    "weightedAverageShsOutDil": 5424800000
  },
  {
    "date": "1988-03-31",
    "symbol": "XOM",
    "reportedCurrency": "USD",
    "cik": "0000034088",
    "filingDate": "1988-03-31",
    "acceptedDate": "1988-03-30 19:00:00",
    "fiscalYear": "1988",
    "period": "Q1",
    "revenue": 20406000000,
    "costOfRevenue": 0,
    "grossProfit": 20406000000,
    "researchAndDevelopmentExpenses": 0,
    "generalAndAdministrativeExpenses": 0,
    "sellingAndMarketingExpenses": 0,
    "sellingGeneralAndAdministrativeExpenses": 0,
    "otherExpenses": 0,
    "operatingExpenses": 0,
    "costAndExpenses": 0,
    "netInterestIncome": 0,
    "interestIncome": 0,
    "interestExpense": 0,
    "depreciationAndAmortization": 0,
    "ebitda": 20406000000,
    "ebit": 20406000000,
    "nonOperatingIncomeExcludingInterest": 0,
    "operatingIncome": 20406000000,
    "totalOtherIncomeExpensesNet": -20406000000,
    "incomeBeforeTax": 0,
    "incomeTaxExpense": 0,
    "netIncomeFromContinuingOperations": 1455000000,
    "netIncomeFromDiscontinuedOperations": 0,
    "otherAdjustmentsToNetIncome": 0,
    "netIncome": 1455000000,
    "netIncomeDeductions": 0,
    "bottomLineNetIncome": 1455000000,
    "eps": 0.27,
    "epsDiluted": 0.27,
    "weightedAverageShsOut": 5424800000,
    "weightedAverageShsOutDil": 5424800000
  },
  {
    "date": "1987-12-31",
    "symbol": "XOM",
    "reportedCurrency": "USD",
    "cik": "0000034088",
    "filingDate": "1987-12-31",
    "acceptedDate": "1987-12-30 19:00:00",
    "fiscalYear": "1987",
    "period": "Q4",
    "revenue": 20447000000,
    "costOfRevenue": 0,
    "grossProfit": 20447000000,
    "researchAndDevelopmentExpenses": 0,
    "generalAndAdministrativeExpenses": 0,
    "sellingAndMarketingExpenses": 0,
    "sellingGeneralAndAdministrativeExpenses": 0,
    "otherExpenses": 69408000000,
    "operatingExpenses": 69408000000,
    "costAndExpenses": 69408000000,
    "netInterestIncome": 0,
    "interestIncome": 0,
    "interestExpense": 0,
    "depreciationAndAmortization": 0,
    "ebitda": -48961000000,
    "ebit": -48961000000,
    "nonOperatingIncomeExcludingInterest": 0,
    "operatingIncome": -48961000000,
    "totalOtherIncomeExpensesNet": 48961000000,
    "incomeBeforeTax": 0,
    "incomeTaxExpense": 0,
    "netIncomeFromContinuingOperations": 1555000000,
    "netIncomeFromDiscontinuedOperations": 0,
    "otherAdjustmentsToNetIncome": 0,
    "netIncome": 1555000000,
    "netIncomeDeductions": 0,
    "bottomLineNetIncome": 1555000000,
    "eps": 0.2866465123,
    "epsDiluted": 0.2866465123,
    "weightedAverageShsOut": 5424800000,
    "weightedAverageShsOutDil": 5424800000
  },
  {
    "date": "1987-09-30",
    "symbol": "XOM",
    "reportedCurrency": "USD",
    "cik": "0000034088",
    "filingDate": "1987-09-30",
    "acceptedDate": "1987-09-29 20:00:00",
    "fiscalYear": "1987",
    "period": "Q3",
    "revenue": 19600000000,
    "costOfRevenue": 0,
    "grossProfit": 19600000000,
    "researchAndDevelopmentExpenses": 0,
    "generalAndAdministrativeExpenses": 0,
    "sellingAndMarketingExpenses": 0,
    "sellingGeneralAndAdministrativeExpenses": 0,
    "otherExpenses": 0,
    "operatingExpenses": 0,
    "costAndExpenses": 0,
    "netInterestIncome": 0,
    "interestIncome": 0,
    "interestExpense": 0,
    "depreciationAndAmortization": 0,
    "ebitda": 19600000000,
    "ebit": 19600000000,
    "nonOperatingIncomeExcludingInterest": 0,
    "operatingIncome": 19600000000,
    "totalOtherIncomeExpensesNet": -19600000000,
    "incomeBeforeTax": 0,
    "incomeTaxExpense": 0,
    "netIncomeFromContinuingOperations": 1065000000,
    "netIncomeFromDiscontinuedOperations": 0,
    "otherAdjustmentsToNetIncome": 0,
    "netIncome": 1065000000,
    "netIncomeDeductions": 0,
    "bottomLineNetIncome": 1065000000,
    "eps": 0.19,
    "epsDiluted": 0.19,
    "weightedAverageShsOut": 5705376000,
    "weightedAverageShsOutDil": 5705376000
  },
  {
    "date": "1987-06-30",
    "symbol": "XOM",
    "reportedCurrency": "USD",
    "cik": "0000034088",
    "filingDate": "1987-06-30",
    "acceptedDate": "1987-06-29 20:00:00",
    "fiscalYear": "1987",
    "period": "Q2",
    "revenue": 18588000000,
    "costOfRevenue": 0,
    "grossProfit": 18588000000,
    "researchAndDevelopmentExpenses": 0,
    "generalAndAdministrativeExpenses": 0,
    "sellingAndMarketingExpenses": 0,
    "sellingGeneralAndAdministrativeExpenses": 0,
    "otherExpenses": 0,
    "operatingExpenses": 0,
    "costAndExpenses": 0,
    "netInterestIncome": 0,
    "interestIncome": 0,
    "interestExpense": 0,
    "depreciationAndAmortization": 0,
    "ebitda": 18588000000,
    "ebit": 18588000000,
    "nonOperatingIncomeExcludingInterest": 0,
    "operatingIncome": 18588000000,
    "totalOtherIncomeExpensesNet": -18588000000,
    "incomeBeforeTax": 0,
    "incomeTaxExpense": 0,
    "netIncomeFromContinuingOperations": 1150000000,
    "netIncomeFromDiscontinuedOperations": 0,
    "otherAdjustmentsToNetIncome": 0,
    "netIncome": 1150000000,
    "netIncomeDeductions": 0,
    "bottomLineNetIncome": 1150000000,
    "eps": 0.21,
    "epsDiluted": 0.21,
    "weightedAverageShsOut": 5704000000,
    "weightedAverageShsOutDil": 5704000000
  },
  {
    "date": "1987-03-31",
    "symbol": "XOM",
    "reportedCurrency": "USD",
    "cik": "0000034088",
    "filingDate": "1987-03-31",
    "acceptedDate": "1987-03-30 19:00:00",
    "fiscalYear": "1987",
    "period": "Q1",
    "revenue": 17781000000,
    "costOfRevenue": 0,
    "grossProfit": 17781000000,
    "researchAndDevelopmentExpenses": 0,
    "generalAndAdministrativeExpenses": 0,
    "sellingAndMarketingExpenses": 0,
    "sellingGeneralAndAdministrativeExpenses": 0,
    "otherExpenses": 0,
    "operatingExpenses": 0,
    "costAndExpenses": 0,
    "netInterestIncome": 0,
    "interestIncome": 0,
    "interestExpense": 0,
    "depreciationAndAmortization": 0,
    "ebitda": 17781000000,
    "ebit": 17781000000,
    "nonOperatingIncomeExcludingInterest": 0,
    "operatingIncome": 17781000000,
    "totalOtherIncomeExpensesNet": -17781000000,
    "incomeBeforeTax": 0,
    "incomeTaxExpense": 0,
    "netIncomeFromContinuingOperations": 1070000000,
    "netIncomeFromDiscontinuedOperations": 0,
    "otherAdjustmentsToNetIncome": 0,
    "netIncome": 1070000000,
    "netIncomeDeductions": 0,
    "bottomLineNetIncome": 1070000000,
    "eps": 0.19,
    "epsDiluted": 0.19,
    "weightedAverageShsOut": 5704000000,
    "weightedAverageShsOutDil": 5704000000
  },
  {
    "date": "1986-12-31",
    "symbol": "XOM",
    "reportedCurrency": "USD",
    "cik": "0000034088",
    "filingDate": "1986-12-31",
    "acceptedDate": "1986-12-30 19:00:00",
    "fiscalYear": "1986",
    "period": "Q4",
    "revenue": 17525000000,
    "costOfRevenue": 0,
    "grossProfit": 17525000000,
    "researchAndDevelopmentExpenses": 0,
    "generalAndAdministrativeExpenses": 0,
    "sellingAndMarketingExpenses": 0,
    "sellingGeneralAndAdministrativeExpenses": 0,
    "otherExpenses": 62037000000,
    "operatingExpenses": 62037000000,
    "costAndExpenses": 62037000000,
    "netInterestIncome": 0,
    "interestIncome": 0,
    "interestExpense": 0,
    "depreciationAndAmortization": 0,
    "ebitda": -44512000000,
    "ebit": -44512000000,
    "nonOperatingIncomeExcludingInterest": 0,
    "operatingIncome": -44512000000,
    "totalOtherIncomeExpensesNet": 44512000000,
    "incomeBeforeTax": 0,
    "incomeTaxExpense": 0,
    "netIncomeFromContinuingOperations": 1480000000,
    "netIncomeFromDiscontinuedOperations": 0,
    "otherAdjustmentsToNetIncome": 0,
    "netIncome": 1480000000,
    "netIncomeDeductions": 0,
    "bottomLineNetIncome": 1480000000,
    "eps": 0.2594670407,
    "epsDiluted": 0.2594670407,
    "weightedAverageShsOut": 5704000000,
    "weightedAverageShsOutDil": 5704000000
  },
  {
    "date": "1986-09-30",
    "symbol": "XOM",
    "reportedCurrency": "USD",
    "cik": "0000034088",
    "filingDate": "1986-09-30",
    "acceptedDate": "1986-09-29 20:00:00",
    "fiscalYear": "1986",
    "period": "Q3",
    "revenue": 15570000000,
    "costOfRevenue": 0,
    "grossProfit": 15570000000,
    "researchAndDevelopmentExpenses": 0,
    "generalAndAdministrativeExpenses": 0,
    "sellingAndMarketingExpenses": 0,
    "sellingGeneralAndAdministrativeExpenses": 0,
    "otherExpenses": 0,
    "operatingExpenses": 0,
    "costAndExpenses": 0,
    "netInterestIncome": 0,
    "interestIncome": 0,
    "interestExpense": 0,
    "depreciationAndAmortization": 0,
    "ebitda": 15570000000,
    "ebit": 15570000000,
    "nonOperatingIncomeExcludingInterest": 0,
    "operatingIncome": 15570000000,
    "totalOtherIncomeExpensesNet": -15570000000,
    "incomeBeforeTax": 0,
    "incomeTaxExpense": 0,
    "netIncomeFromContinuingOperations": 1055000000,
    "netIncomeFromDiscontinuedOperations": 0,
    "otherAdjustmentsToNetIncome": 0,
    "netIncome": 1055000000,
    "netIncomeDeductions": 0,
    "bottomLineNetIncome": 1055000000,
    "eps": 0.19,
    "epsDiluted": 0.19,
    "weightedAverageShsOut": 5777240000,
    "weightedAverageShsOutDil": 5777240000
  },
  {
    "date": "1986-06-30",
    "symbol": "XOM",
    "reportedCurrency": "USD",
    "cik": "0000034088",
    "filingDate": "1986-06-30",
    "acceptedDate": "1986-06-29 20:00:00",
    "fiscalYear": "1986",
    "period": "Q2",
    "revenue": 16427000000,
    "costOfRevenue": 0,
    "grossProfit": 16427000000,
    "researchAndDevelopmentExpenses": 0,
    "generalAndAdministrativeExpenses": 0,
    "sellingAndMarketingExpenses": 0,
    "sellingGeneralAndAdministrativeExpenses": 0,
    "otherExpenses": 0,
    "operatingExpenses": 0,
    "costAndExpenses": 0,
    "netInterestIncome": 0,
    "interestIncome": 0,
    "interestExpense": 0,
    "depreciationAndAmortization": 0,
    "ebitda": 16427000000,
    "ebit": 16427000000,
    "nonOperatingIncomeExcludingInterest": 0,
    "operatingIncome": 16427000000,
    "totalOtherIncomeExpensesNet": -16427000000,
    "incomeBeforeTax": 0,
    "incomeTaxExpense": 0,
    "netIncomeFromContinuingOperations": 1115000000,
    "netIncomeFromDiscontinuedOperations": 0,
    "otherAdjustmentsToNetIncome": 0,
    "netIncome": 1115000000,
    "netIncomeDeductions": 0,
    "bottomLineNetIncome": 1115000000,
    "eps": 0.2,
    "epsDiluted": 0.2,
    "weightedAverageShsOut": 5791432000,
    "weightedAverageShsOutDil": 5791432000
  },
  {
    "date": "1986-03-31",
    "symbol": "XOM",
    "reportedCurrency": "USD",
    "cik": "0000034088",
    "filingDate": "1986-03-31",
    "acceptedDate": "1986-03-30 19:00:00",
    "fiscalYear": "1986",
    "period": "Q1",
    "revenue": 20366000000,
    "costOfRevenue": 0,
    "grossProfit": 20366000000,
    "researchAndDevelopmentExpenses": 0,
    "generalAndAdministrativeExpenses": 0,
    "sellingAndMarketingExpenses": 0,
    "sellingGeneralAndAdministrativeExpenses": 0,
    "otherExpenses": 0,
    "operatingExpenses": 0,
    "costAndExpenses": 0,
    "netInterestIncome": 0,
    "interestIncome": 0,
    "interestExpense": 0,
    "depreciationAndAmortization": 0,
    "ebitda": 20366000000,
    "ebit": 20366000000,
    "nonOperatingIncomeExcludingInterest": 0,
    "operatingIncome": 20366000000,
    "totalOtherIncomeExpensesNet": -20366000000,
    "incomeBeforeTax": 0,
    "incomeTaxExpense": 0,
    "netIncomeFromContinuingOperations": 1710000000,
    "netIncomeFromDiscontinuedOperations": 0,
    "otherAdjustmentsToNetIncome": 0,
    "netIncome": 1710000000,
    "netIncomeDeductions": 0,
    "bottomLineNetIncome": 1710000000,
    "eps": 0.3,
    "epsDiluted": 0.3,
    "weightedAverageShsOut": 5848000000,
    "weightedAverageShsOutDil": 5848000000
  },
  {
    "date": "1985-12-31",
    "symbol": "XOM",
    "reportedCurrency": "USD",
    "cik": "0000034088",
    "filingDate": "1985-12-31",
    "acceptedDate": "1985-12-30 19:00:00",
    "fiscalYear": "1985",
    "period": "Q4",
    "revenue": 22706300000,
    "costOfRevenue": 0,
    "grossProfit": 22706300000,
    "researchAndDevelopmentExpenses": 0,
    "generalAndAdministrativeExpenses": 0,
    "sellingAndMarketingExpenses": 0,
    "sellingGeneralAndAdministrativeExpenses": 0,
    "otherExpenses": 76550000000,
    "operatingExpenses": 76550000000,
    "costAndExpenses": 76550000000,
    "netInterestIncome": 0,
    "interestIncome": 0,
    "interestExpense": 0,
    "depreciationAndAmortization": 0,
    "ebitda": -53843700000,
    "ebit": -53843700000,
    "nonOperatingIncomeExcludingInterest": 0,
    "operatingIncome": -53843700000,
    "totalOtherIncomeExpensesNet": 53843700000,
    "incomeBeforeTax": 0,
    "incomeTaxExpense": 0,
    "netIncomeFromContinuingOperations": 1805000000,
    "netIncomeFromDiscontinuedOperations": 0,
    "otherAdjustmentsToNetIncome": 0,
    "netIncome": 1805000000,
    "netIncomeDeductions": 0,
    "bottomLineNetIncome": 1805000000,
    "eps": 0.3086525308,
    "epsDiluted": 0.3086525308,
    "weightedAverageShsOut": 5848000000,
    "weightedAverageShsOutDil": 5848000000
  },
  {
    "date": "1985-09-30",
    "symbol": "XOM",
    "reportedCurrency": "USD",
    "cik": "0000034088",
    "filingDate": "1985-09-30",
    "acceptedDate": "1985-09-29 20:00:00",
    "fiscalYear": "1985",
    "period": "Q3",
    "revenue": 20862300000,
    "costOfRevenue": 0,
    "grossProfit": 20862300000,
    "researchAndDevelopmentExpenses": 0,
    "generalAndAdministrativeExpenses": 0,
    "sellingAndMarketingExpenses": 0,
    "sellingGeneralAndAdministrativeExpenses": 0,
    "otherExpenses": 0,
    "operatingExpenses": 0,
    "costAndExpenses": 0,
    "netInterestIncome": 0,
    "interestIncome": 0,
    "interestExpense": 0,
    "depreciationAndAmortization": 0,
    "ebitda": 20862300000,
    "ebit": 20862300000,
    "nonOperatingIncomeExcludingInterest": 0,
    "operatingIncome": 20862300000,
    "totalOtherIncomeExpensesNet": -20862300000,
    "incomeBeforeTax": 0,
    "incomeTaxExpense": 0,
    "netIncomeFromContinuingOperations": 995000000,
    "netIncomeFromDiscontinuedOperations": 0,
    "otherAdjustmentsToNetIncome": 0,
    "netIncome": 995000000,
    "netIncomeDeductions": 0,
    "bottomLineNetIncome": 995000000,
    "eps": 0.17,
    "epsDiluted": 0.17,
    "weightedAverageShsOut": 6019224000,
    "weightedAverageShsOutDil": 6019224000
  }
]