[
  {
    "date": "2025-11-02",
    "symbol": "HD",
    "reportedCurrency": "USD",
    "cik": "0000354950",
    "filingDate": "2025-11-25",
    "acceptedDate": "2025-11-24 17:52:00",
    "fiscalYear": "2025",
    "period": "Q3",
    "revenue": 41352000000,
    "costOfRevenue": 27537000000,
    "grossProfit": 13815000000,
    "researchAndDevelopmentExpenses": 0,
    "generalAndAdministrativeExpenses": 0,
    "sellingAndMarketingExpenses": 0,
    "sellingGeneralAndAdministrativeExpenses": 7636000000,
    "otherExpenses": 826000000,
    "operatingExpenses": 8462000000,
    "costAndExpenses": 35999000000,
    "netInterestIncome": -579000000,
    "interestIncome": 49000000,
    "interestExpense": 628000000,
    "depreciationAndAmortization": 826000000,
    "ebitda": 6211000000,
    "ebit": 5385000000,
    "nonOperatingIncomeExcludingInterest": -32000000,
    "operatingIncome": 5353000000,
    "totalOtherIncomeExpensesNet": -596000000,
    "incomeBeforeTax": 4757000000,
    "incomeTaxExpense": 1156000000,
    "netIncomeFromContinuingOperations": 3601000000,
    "netIncomeFromDiscontinuedOperations": 0,
    "otherAdjustmentsToNetIncome": 0,
    "netIncome": 3601000000,
    "netIncomeDeductions": 0,
    "bottomLineNetIncome": 3601000000,
    "eps": 3.63,
    "epsDiluted": 3.62,
    "weightedAverageShsOut": 992000000,
    "weightedAverageShsOutDil": 994000000
  },
  {
    "date": "2025-08-03",
    "symbol": "HD",
    "reportedCurrency": "USD",
    "cik": "0000354950",
    "filingDate": "2025-08-26",
    "acceptedDate": "2025-08-25 17:53:51",
    "fiscalYear": "2025",
    "period": "Q2",
    "revenue": 45277000000,
    "costOfRevenue": 30152000000,
    "grossProfit": 15125000000,
    "researchAndDevelopmentExpenses": 0,
    "generalAndAdministrativeExpenses": 0,
    "sellingAndMarketingExpenses": 0,
    "sellingGeneralAndAdministrativeExpenses": 7764000000,
    "otherExpenses": 806000000,
    "operatingExpenses": 8570000000,
    "costAndExpenses": 38722000000,
    "netInterestIncome": -550000000,
    "interestIncome": 25000000,
    "interestExpense": 575000000,
    "depreciationAndAmortization": 608000000,
    "ebitda": 7188000000,
    "ebit": 6580000000,
    "nonOperatingIncomeExcludingInterest": -25000000,
    "operatingIncome": 6555000000,
    "totalOtherIncomeExpensesNet": -550000000,
    "incomeBeforeTax": 6005000000,
    "incomeTaxExpense": 1454000000,
    "netIncomeFromContinuingOperations": 4551000000,
    "netIncomeFromDiscontinuedOperations": 0,
    "otherAdjustmentsToNetIncome": 0,
    "netIncome": 4551000000,
    "netIncomeDeductions": 0,
    "bottomLineNetIncome": 4551000000,
    "eps": 4.59,
    "epsDiluted": 4.58,
    "weightedAverageShsOut": 992000000,
    "weightedAverageShsOutDil": 994000000
  },
  {
    "date": "2025-05-04",
    "symbol": "HD",
    "reportedCurrency": "USD",
    "cik": "0000354950",
    "filingDate": "2025-05-28",
    "acceptedDate": "2025-05-27 17:48:16",
    "fiscalYear": "2025",
    "period": "Q1",
    "revenue": 39856000000,
    "costOfRevenue": 26397000000,
    "grossProfit": 13459000000,
    "researchAndDevelopmentExpenses": 0,
    "generalAndAdministrativeExpenses": 0,
    "sellingAndMarketingExpenses": 0,
    "sellingGeneralAndAdministrativeExpenses": 7530000000,
    "otherExpenses": 796000000,
    "operatingExpenses": 8326000000,
    "costAndExpenses": 34723000000,
    "netInterestIncome": -591000000,
    "interestIncome": 24000000,
    "interestExpense": 615000000,
    "depreciationAndAmortization": 994000000,
    "ebitda": 6151000000,
    "ebit": 5157000000,
    "nonOperatingIncomeExcludingInterest": -24000000,
    "operatingIncome": 5133000000,
    "totalOtherIncomeExpensesNet": -591000000,
    "incomeBeforeTax": 4542000000,
    "incomeTaxExpense": 1109000000,
    "netIncomeFromContinuingOperations": 3433000000,
    "netIncomeFromDiscontinuedOperations": 0,
    "otherAdjustmentsToNetIncome": 0,
    "netIncome": 3433000000,
    "netIncomeDeductions": 0,
    "bottomLineNetIncome": 3433000000,
    "eps": 3.46,
    "epsDiluted": 3.45,
    "weightedAverageShsOut": 992000000,
    "weightedAverageShsOutDil": 994000000
  },
  {
    "date": "2025-01-31",
    "symbol": "HD",
    "reportedCurrency": "USD",
    "cik": "0000354950",
    "filingDate": "2025-03-21",
    "acceptedDate": "2025-03-20 18:36:42",
    "fiscalYear": "2024",
    "period": "Q4",
    "revenue": 39704000000,
    "costOfRevenue": 26670000000,
    "grossProfit": 13034000000,
    "researchAndDevelopmentExpenses": 0,
    "generalAndAdministrativeExpenses": 7725000000,
    "sellingAndMarketingExpenses": 0,
    "sellingGeneralAndAdministrativeExpenses": 7725000000,
    "otherExpenses": 814000000,
    "operatingExpenses": 8539000000,
    "costAndExpenses": 35209000000,
    "netInterestIncome": -608000000,
    "interestIncome": 30000000,
    "interestExpense": 638000000,
    "depreciationAndAmortization": 1009000000,
    "ebitda": 5534000000,
    "ebit": 4525000000,
    "nonOperatingIncomeExcludingInterest": -30000000,
    "operatingIncome": 4495000000,
    "totalOtherIncomeExpensesNet": -608000000,
    "incomeBeforeTax": 3887000000,
    "incomeTaxExpense": 890000000,
    "netIncomeFromContinuingOperations": 2997000000,
    "netIncomeFromDiscontinuedOperations": 0,
    "otherAdjustmentsToNetIncome": 0,
    "netIncome": 2997000000,
    "netIncomeDeductions": 0,
    "bottomLineNetIncome": 2997000000,
    "eps": 3.02,
    "epsDiluted": 3.02,
    "weightedAverageShsOut": 991000000,
    "weightedAverageShsOutDil": 994000000
  },
  {
    "date": "2024-10-27",
    "symbol": "HD",
    "reportedCurrency": "USD",
    "cik": "0000354950",
    "filingDate": "2024-11-19",
    "acceptedDate": "2024-11-18 18:28:53",
    "fiscalYear": "2024",
    "period": "Q3",
    "revenue": 40217000000,
    "costOfRevenue": 26792000000,
    "grossProfit": 13425000000,
    "researchAndDevelopmentExpenses": 0,
    "generalAndAdministrativeExpenses": 0,
    "sellingAndMarketingExpenses": 0,
    "sellingGeneralAndAdministrativeExpenses": 7212000000,
    "otherExpenses": 795000000,
    "operatingExpenses": 8007000000,
    "costAndExpenses": 34799000000,
    "netInterestIncome": -595000000,
    "interestIncome": 30000000,
    "interestExpense": 625000000,
    "depreciationAndAmortization": 995000000,
    "ebitda": 6413000000,
    "ebit": 5448000000,
    "nonOperatingIncomeExcludingInterest": -30000000,
    "operatingIncome": 5418000000,
    "totalOtherIncomeExpensesNet": -595000000,
    "incomeBeforeTax": 4823000000,
    "incomeTaxExpense": 1175000000,
    "netIncomeFromContinuingOperations": 3648000000,
    "netIncomeFromDiscontinuedOperations": 0,
    "otherAdjustmentsToNetIncome": 0,
    "netIncome": 3648000000,
    "netIncomeDeductions": 0,
    "bottomLineNetIncome": 3648000000,
    "eps": 3.68,
    "epsDiluted": 3.67,
    "weightedAverageShsOut": 991000000,
    "weightedAverageShsOutDil": 993000000
  },
  {
    "date": "2024-07-28",
    "symbol": "HD",
    "reportedCurrency": "USD",
    "cik": "0000354950",
    "filingDate": "2024-08-20",
    "acceptedDate": "2024-08-19 17:50:05",
    "fiscalYear": "2024",
    "period": "Q2",
    "revenue": 43175000000,
    "costOfRevenue": 28759000000,
    "grossProfit": 14416000000,
    "researchAndDevelopmentExpenses": 0,
    "generalAndAdministrativeExpenses": 0,
    "sellingAndMarketingExpenses": 0,
    "sellingGeneralAndAdministrativeExpenses": 7144000000,
    "otherExpenses": 738000000,
    "operatingExpenses": 7882000000,
    "costAndExpenses": 36641000000,
    "netInterestIncome": -489000000,
    "interestIncome": 84000000,
    "interestExpense": 573000000,
    "depreciationAndAmortization": 920000000,
    "ebitda": 7538000000,
    "ebit": 6618000000,
    "nonOperatingIncomeExcludingInterest": -84000000,
    "operatingIncome": 6534000000,
    "totalOtherIncomeExpensesNet": -489000000,
    "incomeBeforeTax": 6045000000,
    "incomeTaxExpense": 1484000000,
    "netIncomeFromContinuingOperations": 4561000000,
    "netIncomeFromDiscontinuedOperations": 0,
    "otherAdjustmentsToNetIncome": 0,
    "netIncome": 4561000000,
    "netIncomeDeductions": 0,
    "bottomLineNetIncome": 4561000000,
    "eps": 4.61,
    "epsDiluted": 4.6,
    "weightedAverageShsOut": 990000000,
    "weightedAverageShsOutDil": 992000000
  },
  {
    "date": "2024-04-28",
    "symbol": "HD",
    "reportedCurrency": "USD",
    "cik": "0000354950",
    "filingDate": "2024-05-21",
    "acceptedDate": "2024-05-20 18:05:58",
    "fiscalYear": "2024",
    "period": "Q1",
    "revenue": 36418000000,
    "costOfRevenue": 23985000000,
    "grossProfit": 12433000000,
    "researchAndDevelopmentExpenses": 0,
    "generalAndAdministrativeExpenses": 0,
    "sellingAndMarketingExpenses": 0,
    "sellingGeneralAndAdministrativeExpenses": 6667000000,
    "otherExpenses": 687000000,
    "operatingExpenses": 7354000000,
    "costAndExpenses": 31339000000,
    "netInterestIncome": -428000000,
    "interestIncome": 57000000,
    "interestExpense": 485000000,
    "depreciationAndAmortization": 837000000,
    "ebitda": 5973000000,
    "ebit": 5136000000,
    "nonOperatingIncomeExcludingInterest": -57000000,
    "operatingIncome": 5079000000,
    "totalOtherIncomeExpensesNet": -428000000,
    "incomeBeforeTax": 4651000000,
    "incomeTaxExpense": 1051000000,
    "netIncomeFromContinuingOperations": 3600000000,
    "netIncomeFromDiscontinuedOperations": 0,
    "otherAdjustmentsToNetIncome": 0,
    "netIncome": 3600000000,
    "netIncomeDeductions": 0,
    "bottomLineNetIncome": 3600000000,
    "eps": 3.64,
    "epsDiluted": 3.63,
    "weightedAverageShsOut": 989000000,
    "weightedAverageShsOutDil": 992000000
  },
  {
    "date": "2024-01-31",
    "symbol": "HD",
    "reportedCurrency": "USD",
    "cik": "0000354950",
    "filingDate": "2024-03-13",
    "acceptedDate": "2024-03-13 16:31:59",
    "fiscalYear": "2023",
    "period": "Q4",
    "revenue": 34786000000,
    "costOfRevenue": 23278000000,
    "grossProfit": 11508000000,
    "researchAndDevelopmentExpenses": 0,
    "generalAndAdministrativeExpenses": 5579000000,
    "sellingAndMarketingExpenses": 1100000000,
    "sellingGeneralAndAdministrativeExpenses": 6679000000,
    "otherExpenses": 686000000,
    "operatingExpenses": 7365000000,
    "costAndExpenses": 30643000000,
    "netInterestIncome": -458000000,
    "interestIncome": 55000000,
    "interestExpense": 513000000,
    "depreciationAndAmortization": 832000000,
    "ebitda": 5030000000,
    "ebit": 4198000000,
    "nonOperatingIncomeExcludingInterest": -55000000,
    "operatingIncome": 4143000000,
    "totalOtherIncomeExpensesNet": -458000000,
    "incomeBeforeTax": 3685000000,
    "incomeTaxExpense": 884000000,
    "netIncomeFromContinuingOperations": 2801000000,
    "netIncomeFromDiscontinuedOperations": 0,
    "otherAdjustmentsToNetIncome": 0,
    "netIncome": 2801000000,
    "netIncomeDeductions": 0,
    "bottomLineNetIncome": 2801000000,
    "eps": 2.83,
    "epsDiluted": 2.82,
    "weightedAverageShsOut": 991000000,
    "weightedAverageShsOutDil": 994000000
  },
  {
    "date": "2023-10-29",
    "symbol": "HD",
    "reportedCurrency": "USD",
    "cik": "0000354950",
    "filingDate": "2023-11-21",
    "acceptedDate": "2023-11-20 17:41:31",
    "fiscalYear": "2023",
    "period": "Q3",
    "revenue": 37710000000,
    "costOfRevenue": 24972000000,
    "grossProfit": 12738000000,
    "researchAndDevelopmentExpenses": 0,
    "generalAndAdministrativeExpenses": 0,
    "sellingAndMarketingExpenses": 0,
    "sellingGeneralAndAdministrativeExpenses": 6649000000,
    "otherExpenses": 683000000,
    "operatingExpenses": 7332000000,
    "costAndExpenses": 32304000000,
    "netInterestIncome": -438000000,
    "interestIncome": 49000000,
    "interestExpense": 487000000,
    "depreciationAndAmortization": 827000000,
    "ebitda": 6282000000,
    "ebit": 5455000000,
    "nonOperatingIncomeExcludingInterest": -49000000,
    "operatingIncome": 5406000000,
    "totalOtherIncomeExpensesNet": -438000000,
    "incomeBeforeTax": 4968000000,
    "incomeTaxExpense": 1158000000,
    "netIncomeFromContinuingOperations": 3810000000,
    "netIncomeFromDiscontinuedOperations": 0,
    "otherAdjustmentsToNetIncome": 0,
    "netIncome": 3810000000,
    "netIncomeDeductions": 0,
    "bottomLineNetIncome": 3810000000,
    "eps": 3.83,
    "epsDiluted": 3.81,
    "weightedAverageShsOut": 996000000,
    "weightedAverageShsOutDil": 999000000
  },
  {
    "date": "2023-07-30",
    "symbol": "HD",
    "reportedCurrency": "USD",
    "cik": "0000354950",
    "filingDate": "2023-08-22",
    "acceptedDate": "2023-08-21 17:46:19",
    "fiscalYear": "2023",
    "period": "Q2",
    "revenue": 42916000000,
    "costOfRevenue": 28759000000,
    "grossProfit": 14157000000,
    "researchAndDevelopmentExpenses": 0,
    "generalAndAdministrativeExpenses": 0,
    "sellingAndMarketingExpenses": 0,
    "sellingGeneralAndAdministrativeExpenses": 6915000000,
    "otherExpenses": 653000000,
    "operatingExpenses": 7568000000,
    "costAndExpenses": 36327000000,
    "netInterestIncome": -428000000,
    "interestIncome": 41000000,
    "interestExpense": 469000000,
    "depreciationAndAmortization": 795000000,
    "ebitda": 7425000000,
    "ebit": 6630000000,
    "nonOperatingIncomeExcludingInterest": -41000000,
    "operatingIncome": 6589000000,
    "totalOtherIncomeExpensesNet": -428000000,
    "incomeBeforeTax": 6161000000,
    "incomeTaxExpense": 1502000000,
    "netIncomeFromContinuingOperations": 4659000000,
    "netIncomeFromDiscontinuedOperations": 0,
    "otherAdjustmentsToNetIncome": 0,
    "netIncome": 4659000000,
    "netIncomeDeductions": 0,
    "bottomLineNetIncome": 4659000000,
    "eps": 4.66,
    "epsDiluted": 4.65,
    "weightedAverageShsOut": 1000000000,
    "weightedAverageShsOutDil": 1003000000
  },
  {
    "date": "2023-04-30",
    "symbol": "HD",
    "reportedCurrency": "USD",
    "cik": "0000354950",
    "filingDate": "2023-05-23",
    "acceptedDate": "2023-05-22 17:42:46",
    "fiscalYear": "2023",
    "period": "Q1",
    "revenue": 37257000000,
    "costOfRevenue": 24700000000,
    "grossProfit": 12557000000,
    "researchAndDevelopmentExpenses": 0,
    "generalAndAdministrativeExpenses": 0,
    "sellingAndMarketingExpenses": 0,
    "sellingGeneralAndAdministrativeExpenses": 6355000000,
    "otherExpenses": 651000000,
    "operatingExpenses": 7006000000,
    "costAndExpenses": 31706000000,
    "netInterestIncome": -441000000,
    "interestIncome": 33000000,
    "interestExpense": 474000000,
    "depreciationAndAmortization": 793000000,
    "ebitda": 6377000000,
    "ebit": 5584000000,
    "nonOperatingIncomeExcludingInterest": -33000000,
    "operatingIncome": 5551000000,
    "totalOtherIncomeExpensesNet": -441000000,
    "incomeBeforeTax": 5110000000,
    "incomeTaxExpense": 1237000000,
    "netIncomeFromContinuingOperations": 3873000000,
    "netIncomeFromDiscontinuedOperations": 0,
    "otherAdjustmentsToNetIncome": 0,
    "netIncome": 3873000000,
    "netIncomeDeductions": 0,
    "bottomLineNetIncome": 3873000000,
    "eps": 3.83,
    "epsDiluted": 3.82,
    "weightedAverageShsOut": 1010000000,
    "weightedAverageShsOutDil": 1013000000
  },
  {
    "date": "2023-01-31",
    "symbol": "HD",
    "reportedCurrency": "USD",
    "cik": "0000354950",
    "filingDate": "2023-03-15",
    "acceptedDate": "2023-03-15 16:22:15",
    "fiscalYear": "2022",
    "period": "Q4",
    "revenue": 35831000000,
    "costOfRevenue": 23905000000,
    "grossProfit": 11926000000,
    "researchAndDevelopmentExpenses": 0,
    "generalAndAdministrativeExpenses": 6549000000,
    "sellingAndMarketingExpenses": 0,
    "sellingGeneralAndAdministrativeExpenses": 6549000000,
    "otherExpenses": 625000000,
    "operatingExpenses": 7174000000,
    "costAndExpenses": 31079000000,
    "netInterestIncome": -408000000,
    "interestIncome": 43000000,
    "interestExpense": 451000000,
    "depreciationAndAmortization": 759000000,
    "ebitda": 5554000000,
    "ebit": 4795000000,
    "nonOperatingIncomeExcludingInterest": -43000000,
    "operatingIncome": 4752000000,
    "totalOtherIncomeExpensesNet": -408000000,
    "incomeBeforeTax": 4344000000,
    "incomeTaxExpense": 982000000,
    "netIncomeFromContinuingOperations": 3362000000,
    "netIncomeFromDiscontinuedOperations": 0,
    "otherAdjustmentsToNetIncome": 0,
    "netIncome": 3362000000,
    "netIncomeDeductions": 0,
    "bottomLineNetIncome": 3362000000,
    "eps": 3.31,
    "epsDiluted": 3.3,
    "weightedAverageShsOut": 1015000000,
    "weightedAverageShsOutDil": 1018000000
  },
  {
    "date": "2022-10-30",
    "symbol": "HD",
    "reportedCurrency": "USD",
    "cik": "0000354950",
    "filingDate": "2022-11-22",
    "acceptedDate": "2022-11-21 17:47:45",
    "fiscalYear": "2022",
    "period": "Q3",
    "revenue": 38872000000,
    "costOfRevenue": 25648000000,
    "grossProfit": 13224000000,
    "researchAndDevelopmentExpenses": 0,
    "generalAndAdministrativeExpenses": 0,
    "sellingAndMarketingExpenses": 0,
    "sellingGeneralAndAdministrativeExpenses": 6468000000,
    "otherExpenses": 608000000,
    "operatingExpenses": 7076000000,
    "costAndExpenses": 32724000000,
    "netInterestIncome": -406000000,
    "interestIncome": 7000000,
    "interestExpense": 413000000,
    "depreciationAndAmortization": 743000000,
    "ebitda": 6898000000,
    "ebit": 6148000000,
    "nonOperatingIncomeExcludingInterest": -7000000,
    "operatingIncome": 6148000000,
    "totalOtherIncomeExpensesNet": -406000000,
    "incomeBeforeTax": 5742000000,
    "incomeTaxExpense": 1403000000,
    "netIncomeFromContinuingOperations": 4339000000,
    "netIncomeFromDiscontinuedOperations": 0,
    "otherAdjustmentsToNetIncome": 0,
    "netIncome": 4339000000,
    "netIncomeDeductions": 0,
    "bottomLineNetIncome": 4339000000,
    "eps": 4.25,
    "epsDiluted": 4.24,
    "weightedAverageShsOut": 1020000000,
    "weightedAverageShsOutDil": 1023000000
  },
  {
    "date": "2022-07-31",
    "symbol": "HD",
    "reportedCurrency": "USD",
    "cik": "0000354950",
    "filingDate": "2022-08-23",
    "acceptedDate": "2022-08-22 17:50:39",
    "fiscalYear": "2022",
    "period": "Q2",
    "revenue": 43792000000,
    "costOfRevenue": 29309000000,
    "grossProfit": 14483000000,
    "researchAndDevelopmentExpenses": 0,
    "generalAndAdministrativeExpenses": 0,
    "sellingAndMarketingExpenses": 0,
    "sellingGeneralAndAdministrativeExpenses": 6657000000,
    "otherExpenses": 616000000,
    "operatingExpenses": 7273000000,
    "costAndExpenses": 36582000000,
    "netInterestIncome": -379000000,
    "interestIncome": 2000000,
    "interestExpense": 381000000,
    "depreciationAndAmortization": 746000000,
    "ebitda": 7958000000,
    "ebit": 7210000000,
    "nonOperatingIncomeExcludingInterest": -2000000,
    "operatingIncome": 7210000000,
    "totalOtherIncomeExpensesNet": -379000000,
    "incomeBeforeTax": 6831000000,
    "incomeTaxExpense": 1658000000,
    "netIncomeFromContinuingOperations": 5173000000,
    "netIncomeFromDiscontinuedOperations": 0,
    "otherAdjustmentsToNetIncome": 0,
    "netIncome": 5173000000,
    "netIncomeDeductions": 0,
    "bottomLineNetIncome": 5173000000,
    "eps": 5.06,
    "epsDiluted": 5.05,
    "weightedAverageShsOut": 1023000000,
    "weightedAverageShsOutDil": 1025000000
  },
  {
    "date": "2022-05-01",
    "symbol": "HD",
    "reportedCurrency": "USD",
    "cik": "0000354950",
    "filingDate": "2022-05-24",
    "acceptedDate": "2022-05-23 17:52:20",
    "fiscalYear": "2022",
    "period": "Q1",
    "revenue": 38908000000,
    "costOfRevenue": 25763000000,
    "grossProfit": 13145000000,
    "researchAndDevelopmentExpenses": 0,
    "generalAndAdministrativeExpenses": 0,
    "sellingAndMarketingExpenses": 0,
    "sellingGeneralAndAdministrativeExpenses": 6610000000,
    "otherExpenses": 606000000,
    "operatingExpenses": 7216000000,
    "costAndExpenses": 32979000000,
    "netInterestIncome": -369000000,
    "interestIncome": 3000000,
    "interestExpense": 372000000,
    "depreciationAndAmortization": 727000000,
    "ebitda": 6659000000,
    "ebit": 5929000000,
    "nonOperatingIncomeExcludingInterest": -3000000,
    "operatingIncome": 5929000000,
    "totalOtherIncomeExpensesNet": -369000000,
    "incomeBeforeTax": 5560000000,
    "incomeTaxExpense": 1329000000,
    "netIncomeFromContinuingOperations": 4231000000,
    "netIncomeFromDiscontinuedOperations": 0,
    "otherAdjustmentsToNetIncome": 0,
    "netIncome": 4231000000,
    "netIncomeDeductions": 0,
    "bottomLineNetIncome": 4231000000,
    "eps": 4.11,
    "epsDiluted": 4.09,
    "weightedAverageShsOut": 1030000000,
    "weightedAverageShsOutDil": 1034000000
  },
  {
    "date": "2022-01-31",
    "symbol": "HD",
    "reportedCurrency": "USD",
    "cik": "0000354950",
    "filingDate": "2022-03-23",
    "acceptedDate": "2022-03-23 16:25:53",
    "fiscalYear": "2021",
    "period": "Q4",
    "revenue": 35719000000,
    "costOfRevenue": 23857000000,
    "grossProfit": 11862000000,
    "researchAndDevelopmentExpenses": 0,
    "generalAndAdministrativeExpenses": 5387000000,
    "sellingAndMarketingExpenses": 1044000000,
    "sellingGeneralAndAdministrativeExpenses": 6431000000,
    "otherExpenses": 606000000,
    "operatingExpenses": 7037000000,
    "costAndExpenses": 30894000000,
    "netInterestIncome": -323000000,
    "interestIncome": 18000000,
    "interestExpense": 341000000,
    "depreciationAndAmortization": 734000000,
    "ebitda": 5577000000,
    "ebit": 4825000000,
    "nonOperatingIncomeExcludingInterest": -18000000,
    "operatingIncome": 4825000000,
    "totalOtherIncomeExpensesNet": -323000000,
    "incomeBeforeTax": 4502000000,
    "incomeTaxExpense": 1150000000,
    "netIncomeFromContinuingOperations": 3352000000,
    "netIncomeFromDiscontinuedOperations": 0,
    "otherAdjustmentsToNetIncome": 0,
    "netIncome": 3352000000,
    "netIncomeDeductions": 0,
    "bottomLineNetIncome": 3352000000,
    "eps": 3.23,
    "epsDiluted": 3.21,
    "weightedAverageShsOut": 1038000000,
    "weightedAverageShsOutDil": 1043000000
  },
  {
    "date": "2021-10-31",
    "symbol": "HD",
    "reportedCurrency": "USD",
    "cik": "0000354950",
    "filingDate": "2021-11-23",
    "acceptedDate": "2021-11-22 17:44:32",
    "fiscalYear": "2021",
    "period": "Q3",
    "revenue": 36820000000,
    "costOfRevenue": 24257000000,
    "grossProfit": 12563000000,
    "researchAndDevelopmentExpenses": 0,
    "generalAndAdministrativeExpenses": 0,
    "sellingAndMarketingExpenses": 0,
    "sellingGeneralAndAdministrativeExpenses": 6168000000,
    "otherExpenses": 600000000,
    "operatingExpenses": 6768000000,
    "costAndExpenses": 31025000000,
    "netInterestIncome": -326000000,
    "interestIncome": 15000000,
    "interestExpense": 341000000,
    "depreciationAndAmortization": 714000000,
    "ebitda": 6524000000,
    "ebit": 5795000000,
    "nonOperatingIncomeExcludingInterest": -15000000,
    "operatingIncome": 5795000000,
    "totalOtherIncomeExpensesNet": -326000000,
    "incomeBeforeTax": 5469000000,
    "incomeTaxExpense": 1340000000,
    "netIncomeFromContinuingOperations": 4129000000,
    "netIncomeFromDiscontinuedOperations": 0,
    "otherAdjustmentsToNetIncome": 0,
    "netIncome": 4129000000,
    "netIncomeDeductions": 0,
    "bottomLineNetIncome": 4129000000,
    "eps": 3.94,
    "epsDiluted": 3.92,
    "weightedAverageShsOut": 1049000000,
    "weightedAverageShsOutDil": 1053000000
  },
  {
    "date": "2021-08-01",
    "symbol": "HD",
    "reportedCurrency": "USD",
    "cik": "0000354950",
    "filingDate": "2021-08-24",
    "acceptedDate": "2021-08-23 17:47:11",
    "fiscalYear": "2021",
    "period": "Q2",
    "revenue": 41118000000,
    "costOfRevenue": 27453000000,
    "grossProfit": 13665000000,
    "researchAndDevelopmentExpenses": 0,
    "generalAndAdministrativeExpenses": 0,
    "sellingAndMarketingExpenses": 0,
    "sellingGeneralAndAdministrativeExpenses": 6433000000,
    "otherExpenses": 593000000,
    "operatingExpenses": 7026000000,
    "costAndExpenses": 34479000000,
    "netInterestIncome": -321000000,
    "interestIncome": 5000000,
    "interestExpense": 326000000,
    "depreciationAndAmortization": 711000000,
    "ebitda": 7355000000,
    "ebit": 6639000000,
    "nonOperatingIncomeExcludingInterest": -5000000,
    "operatingIncome": 6639000000,
    "totalOtherIncomeExpensesNet": -321000000,
    "incomeBeforeTax": 6318000000,
    "incomeTaxExpense": 1511000000,
    "netIncomeFromContinuingOperations": 4807000000,
    "netIncomeFromDiscontinuedOperations": 0,
    "otherAdjustmentsToNetIncome": 0,
    "netIncome": 4807000000,
    "netIncomeDeductions": 0,
    "bottomLineNetIncome": 4807000000,
    "eps": 4.54,
    "epsDiluted": 4.53,
    "weightedAverageShsOut": 1058000000,
    "weightedAverageShsOutDil": 1062000000
  },
  {
    "date": "2021-05-02",
    "symbol": "HD",
    "reportedCurrency": "USD",
    "cik": "0000354950",
    "filingDate": "2021-05-25",
    "acceptedDate": "2021-05-24 17:55:43",
    "fiscalYear": "2021",
    "period": "Q1",
    "revenue": 37500000000,
    "costOfRevenue": 24758000000,
    "grossProfit": 12742000000,
    "researchAndDevelopmentExpenses": 0,
    "generalAndAdministrativeExpenses": 0,
    "sellingAndMarketingExpenses": 0,
    "sellingGeneralAndAdministrativeExpenses": 6374000000,
    "otherExpenses": 587000000,
    "operatingExpenses": 6961000000,
    "costAndExpenses": 31719000000,
    "netInterestIncome": -333000000,
    "interestIncome": 6000000,
    "interestExpense": 339000000,
    "depreciationAndAmortization": 703000000,
    "ebitda": 6490000000,
    "ebit": 5781000000,
    "nonOperatingIncomeExcludingInterest": -6000000,
    "operatingIncome": 5781000000,
    "totalOtherIncomeExpensesNet": -333000000,
    "incomeBeforeTax": 5448000000,
    "incomeTaxExpense": 1303000000,
    "netIncomeFromContinuingOperations": 4145000000,
    "netIncomeFromDiscontinuedOperations": 0,
    "otherAdjustmentsToNetIncome": 0,
    "netIncome": 4145000000,
    "netIncomeDeductions": 0,
    "bottomLineNetIncome": 4145000000,
    "eps": 3.87,
    "epsDiluted": 3.86,
    "weightedAverageShsOut": 1071000000,
    "weightedAverageShsOutDil": 1075000000
  },
  {
    "date": "2021-01-31",
    "symbol": "HD",
    "reportedCurrency": "USD",
    "cik": "0000354950",
    "filingDate": "2021-03-24",
    "acceptedDate": "2021-03-24 16:46:14",
    "fiscalYear": "2020",
    "period": "Q4",
    "revenue": 32261000000,
    "costOfRevenue": 21430000000,
    "grossProfit": 10831000000,
    "researchAndDevelopmentExpenses": 0,
    "generalAndAdministrativeExpenses": 5278000000,
    "sellingAndMarketingExpenses": 909000000,
    "sellingGeneralAndAdministrativeExpenses": 6187000000,
    "otherExpenses": 561000000,
    "operatingExpenses": 6748000000,
    "costAndExpenses": 28178000000,
    "netInterestIncome": -327000000,
    "interestIncome": 10000000,
    "interestExpense": 337000000,
    "depreciationAndAmortization": 666000000,
    "ebitda": 4759000000,
    "ebit": 4093000000,
    "nonOperatingIncomeExcludingInterest": -10000000,
    "operatingIncome": 4083000000,
    "totalOtherIncomeExpensesNet": -327000000,
    "incomeBeforeTax": 3756000000,
    "incomeTaxExpense": 899000000,
    "netIncomeFromContinuingOperations": 2857000000,
    "netIncomeFromDiscontinuedOperations": 0,
    "otherAdjustmentsToNetIncome": 0,
    "netIncome": 2857000000,
    "netIncomeDeductions": 0,
    "bottomLineNetIncome": 2857000000,
    "eps": 2.66,
    "epsDiluted": 2.65,
    "weightedAverageShsOut": 1074000000,
    "weightedAverageShsOutDil": 1078000000
  },
  {
    "date": "2020-11-01",
    "symbol": "HD",
    "reportedCurrency": "USD",
    "cik": "0000354950",
    "filingDate": "2020-11-24",
    "acceptedDate": "2020-11-23 18:13:22",
    "fiscalYear": "2020",
    "period": "Q3",
    "revenue": 33536000000,
    "costOfRevenue": 22080000000,
    "grossProfit": 11456000000,
    "researchAndDevelopmentExpenses": 0,
    "generalAndAdministrativeExpenses": 0,
    "sellingAndMarketingExpenses": 0,
    "sellingGeneralAndAdministrativeExpenses": 6076000000,
    "otherExpenses": 528000000,
    "operatingExpenses": 6604000000,
    "costAndExpenses": 28684000000,
    "netInterestIncome": -329000000,
    "interestIncome": 11000000,
    "interestExpense": 340000000,
    "depreciationAndAmortization": 631000000,
    "ebitda": 5494000000,
    "ebit": 4863000000,
    "nonOperatingIncomeExcludingInterest": -11000000,
    "operatingIncome": 4852000000,
    "totalOtherIncomeExpensesNet": -329000000,
    "incomeBeforeTax": 4523000000,
    "incomeTaxExpense": 1091000000,
    "netIncomeFromContinuingOperations": 3432000000,
    "netIncomeFromDiscontinuedOperations": 0,
    "otherAdjustmentsToNetIncome": 0,
    "netIncome": 3432000000,
    "netIncomeDeductions": 0,
    "bottomLineNetIncome": 3432000000,
    "eps": 3.2,
    "epsDiluted": 3.18,
    "weightedAverageShsOut": 1073000000,
    "weightedAverageShsOutDil": 1078000000
  },
  {
    "date": "2020-08-02",
    "symbol": "HD",
    "reportedCurrency": "USD",
    "cik": "0000354950",
    "filingDate": "2020-08-25",
    "acceptedDate": "2020-08-24 18:14:05",
    "fiscalYear": "2020",
    "period": "Q2",
    "revenue": 38053000000,
    "costOfRevenue": 25112000000,
    "grossProfit": 12941000000,
    "researchAndDevelopmentExpenses": 0,
    "generalAndAdministrativeExpenses": 0,
    "sellingAndMarketingExpenses": 0,
    "sellingGeneralAndAdministrativeExpenses": 6355000000,
    "otherExpenses": 519000000,
    "operatingExpenses": 6874000000,
    "costAndExpenses": 31986000000,
    "netInterestIncome": -337000000,
    "interestIncome": 9000000,
    "interestExpense": 346000000,
    "depreciationAndAmortization": 615000000,
    "ebitda": 6691000000,
    "ebit": 6076000000,
    "nonOperatingIncomeExcludingInterest": -9000000,
    "operatingIncome": 6067000000,
    "totalOtherIncomeExpensesNet": -337000000,
    "incomeBeforeTax": 5730000000,
    "incomeTaxExpense": 1398000000,
    "netIncomeFromContinuingOperations": 4332000000,
    "netIncomeFromDiscontinuedOperations": 0,
    "otherAdjustmentsToNetIncome": 0,
    "netIncome": 4332000000,
    "netIncomeDeductions": 0,
    "bottomLineNetIncome": 4332000000,
    "eps": 4.04,
    "epsDiluted": 4.02,
    "weightedAverageShsOut": 1073000000,
    "weightedAverageShsOutDil": 1077000000
  },
  {
    "date": "2020-05-03",
    "symbol": "HD",
    "reportedCurrency": "USD",
    "cik": "0000354950",
    "filingDate": "2020-05-27",
    "acceptedDate": "2020-05-26 19:59:23",
    "fiscalYear": "2020",
    "period": "Q1",
    "revenue": 28260000000,
    "costOfRevenue": 18635000000,
    "grossProfit": 9625000000,
    "researchAndDevelopmentExpenses": 0,
    "generalAndAdministrativeExpenses": 0,
    "sellingAndMarketingExpenses": 0,
    "sellingGeneralAndAdministrativeExpenses": 5829000000,
    "otherExpenses": 520000000,
    "operatingExpenses": 6349000000,
    "costAndExpenses": 24984000000,
    "netInterestIncome": -307000000,
    "interestIncome": 17000000,
    "interestExpense": 324000000,
    "depreciationAndAmortization": 607000000,
    "ebitda": 3900000000,
    "ebit": 3293000000,
    "nonOperatingIncomeExcludingInterest": -17000000,
    "operatingIncome": 3276000000,
    "totalOtherIncomeExpensesNet": -307000000,
    "incomeBeforeTax": 2969000000,
    "incomeTaxExpense": 724000000,
    "netIncomeFromContinuingOperations": 2245000000,
    "netIncomeFromDiscontinuedOperations": 0,
    "otherAdjustmentsToNetIncome": 0,
    "netIncome": 2245000000,
    "netIncomeDeductions": 0,
    "bottomLineNetIncome": 2245000000,
    "eps": 2.09,
    "epsDiluted": 2.08,
    "weightedAverageShsOut": 1073000000,
    "weightedAverageShsOutDil": 1077000000
  },
  {
    "date": "2020-01-31",
    "symbol": "HD",
    "reportedCurrency": "USD",
    "cik": "0000354950",
    "filingDate": "2020-03-25",
    "acceptedDate": "2020-03-25 16:41:53",
    "fiscalYear": "2019",
    "period": "Q4",
    "revenue": 25782000000,
    "costOfRevenue": 17046000000,
    "grossProfit": 8736000000,
    "researchAndDevelopmentExpenses": 0,
    "generalAndAdministrativeExpenses": 3910000000,
    "sellingAndMarketingExpenses": 904000000,
    "sellingGeneralAndAdministrativeExpenses": 4814000000,
    "otherExpenses": 519000000,
    "operatingExpenses": 5333000000,
    "costAndExpenses": 22379000000,
    "netInterestIncome": -292000000,
    "interestIncome": 17000000,
    "interestExpense": 309000000,
    "depreciationAndAmortization": 595000000,
    "ebitda": 4015000000,
    "ebit": 3403000000,
    "nonOperatingIncomeExcludingInterest": -17000000,
    "operatingIncome": 3403000000,
    "totalOtherIncomeExpensesNet": -292000000,
    "incomeBeforeTax": 3111000000,
    "incomeTaxExpense": 630000000,
    "netIncomeFromContinuingOperations": 2481000000,
    "netIncomeFromDiscontinuedOperations": 0,
    "otherAdjustmentsToNetIncome": 0,
    "netIncome": 2481000000,
    "netIncomeDeductions": 0,
    "bottomLineNetIncome": 2481000000,
    "eps": 2.29,
    "epsDiluted": 2.28,
    "weightedAverageShsOut": 1083000000,
    "weightedAverageShsOutDil": 1088000000
  },
  {
    "date": "2019-11-03",
    "symbol": "HD",
    "reportedCurrency": "USD",
    "cik": "0000354950",
    "filingDate": "2019-11-26",
    "acceptedDate": "2019-11-25 17:56:16",
    "fiscalYear": "2019",
    "period": "Q3",
    "revenue": 27223000000,
    "costOfRevenue": 17836000000,
    "grossProfit": 9387000000,
    "researchAndDevelopmentExpenses": 0,
    "generalAndAdministrativeExpenses": 4942000000,
    "sellingAndMarketingExpenses": 0,
    "sellingGeneralAndAdministrativeExpenses": 4942000000,
    "otherExpenses": 498000000,
    "operatingExpenses": 5440000000,
    "costAndExpenses": 23276000000,
    "netInterestIncome": -280000000,
    "interestIncome": 22000000,
    "interestExpense": 302000000,
    "depreciationAndAmortization": 594000000,
    "ebitda": 4563000000,
    "ebit": 3969000000,
    "nonOperatingIncomeExcludingInterest": -22000000,
    "operatingIncome": 3947000000,
    "totalOtherIncomeExpensesNet": -280000000,
    "incomeBeforeTax": 3667000000,
    "incomeTaxExpense": 898000000,
    "netIncomeFromContinuingOperations": 2769000000,
    "netIncomeFromDiscontinuedOperations": 0,
    "otherAdjustmentsToNetIncome": 0,
    "netIncome": 2769000000,
    "netIncomeDeductions": 0,
    "bottomLineNetIncome": 2769000000,
    "eps": 2.54,
    "epsDiluted": 2.53,
    "weightedAverageShsOut": 1089000000,
    "weightedAverageShsOutDil": 1094000000
  },
  {
    "date": "2019-08-04",
    "symbol": "HD",
    "reportedCurrency": "USD",
    "cik": "0000354950",
    "filingDate": "2019-08-27",
    "acceptedDate": "2019-08-26 18:07:04",
    "fiscalYear": "2019",
    "period": "Q2",
    "revenue": 30839000000,
    "costOfRevenue": 20407000000,
    "grossProfit": 10432000000,
    "researchAndDevelopmentExpenses": 0,
    "generalAndAdministrativeExpenses": 5044000000,
    "sellingAndMarketingExpenses": 0,
    "sellingGeneralAndAdministrativeExpenses": 5044000000,
    "otherExpenses": 492000000,
    "operatingExpenses": 5536000000,
    "costAndExpenses": 25943000000,
    "netInterestIncome": -283000000,
    "interestIncome": 19000000,
    "interestExpense": 302000000,
    "depreciationAndAmortization": 560000000,
    "ebitda": 5475000000,
    "ebit": 4896000000,
    "nonOperatingIncomeExcludingInterest": -19000000,
    "operatingIncome": 4896000000,
    "totalOtherIncomeExpensesNet": -283000000,
    "incomeBeforeTax": 4613000000,
    "incomeTaxExpense": 1134000000,
    "netIncomeFromContinuingOperations": 3479000000,
    "netIncomeFromDiscontinuedOperations": 0,
    "otherAdjustmentsToNetIncome": 0,
    "netIncome": 3479000000,
    "netIncomeDeductions": 0,
    "bottomLineNetIncome": 3479000000,
    "eps": 3.18,
    "epsDiluted": 3.17,
    "weightedAverageShsOut": 1095000000,
    "weightedAverageShsOutDil": 1099000000
  },
  {
    "date": "2019-05-05",
    "symbol": "HD",
    "reportedCurrency": "USD",
    "cik": "0000354950",
    "filingDate": "2019-05-29",
    "acceptedDate": "2019-05-28 18:14:51",
    "fiscalYear": "2019",
    "period": "Q1",
    "revenue": 26381000000,
    "costOfRevenue": 17364000000,
    "grossProfit": 9017000000,
    "researchAndDevelopmentExpenses": 0,
    "generalAndAdministrativeExpenses": 4940000000,
    "sellingAndMarketingExpenses": 0,
    "sellingGeneralAndAdministrativeExpenses": 4940000000,
    "otherExpenses": 480000000,
    "operatingExpenses": 5420000000,
    "costAndExpenses": 22784000000,
    "netInterestIncome": -273000000,
    "interestIncome": 15000000,
    "interestExpense": 288000000,
    "depreciationAndAmortization": 547000000,
    "ebitda": 4159000000,
    "ebit": 3597000000,
    "nonOperatingIncomeExcludingInterest": -15000000,
    "operatingIncome": 3597000000,
    "totalOtherIncomeExpensesNet": -273000000,
    "incomeBeforeTax": 3324000000,
    "incomeTaxExpense": 811000000,
    "netIncomeFromContinuingOperations": 2513000000,
    "netIncomeFromDiscontinuedOperations": 0,
    "otherAdjustmentsToNetIncome": 0,
    "netIncome": 2513000000,
    "netIncomeDeductions": 0,
    "bottomLineNetIncome": 2513000000,
    "eps": 2.28,
    "epsDiluted": 2.27,
    "weightedAverageShsOut": 1101000000,
    "weightedAverageShsOutDil": 1106000000
  },
  {
    "date": "2019-01-31",
    "symbol": "HD",
    "reportedCurrency": "USD",
    "cik": "0000354950",
    "filingDate": "2019-03-28",
    "acceptedDate": "2019-03-28 16:42:29",
    "fiscalYear": "2018",
    "period": "Q4",
    "revenue": 26491000000,
    "costOfRevenue": 17464000000,
    "grossProfit": 9027000000,
    "researchAndDevelopmentExpenses": 0,
    "generalAndAdministrativeExpenses": 4001000000,
    "sellingAndMarketingExpenses": 921000000,
    "sellingGeneralAndAdministrativeExpenses": 4922000000,
    "otherExpenses": 727000000,
    "operatingExpenses": 5649000000,
    "costAndExpenses": 23113000000,
    "netInterestIncome": -249000000,
    "interestIncome": 20000000,
    "interestExpense": 269000000,
    "depreciationAndAmortization": 549000000,
    "ebitda": 3931000000,
    "ebit": 3382000000,
    "nonOperatingIncomeExcludingInterest": -4000000,
    "operatingIncome": 3378000000,
    "totalOtherIncomeExpensesNet": -265000000,
    "incomeBeforeTax": 3113000000,
    "incomeTaxExpense": 769000000,
    "netIncomeFromContinuingOperations": 2344000000,
    "netIncomeFromDiscontinuedOperations": 0,
    "otherAdjustmentsToNetIncome": 0,
    "netIncome": 2344000000,
    "netIncomeDeductions": 0,
    "bottomLineNetIncome": 2344000000,
    "eps": 2.1,
    "epsDiluted": 2.09,
    "weightedAverageShsOut": 1116000000,
    "weightedAverageShsOutDil": 1121000000
  },
  {
    "date": "2018-10-28",
    "symbol": "HD",
    "reportedCurrency": "USD",
    "cik": "0000354950",
    "filingDate": "2018-11-20",
    "acceptedDate": "2018-11-19 17:59:21",
    "fiscalYear": "2018",
    "period": "Q3",
    "revenue": 26302000000,
    "costOfRevenue": 17151000000,
    "grossProfit": 9151000000,
    "researchAndDevelopmentExpenses": 0,
    "generalAndAdministrativeExpenses": 4808000000,
    "sellingAndMarketingExpenses": 0,
    "sellingGeneralAndAdministrativeExpenses": 4808000000,
    "otherExpenses": 473000000,
    "operatingExpenses": 5281000000,
    "costAndExpenses": 22432000000,
    "netInterestIncome": -224000000,
    "interestIncome": 25000000,
    "interestExpense": 249000000,
    "depreciationAndAmortization": 541000000,
    "ebitda": 4436000000,
    "ebit": 3895000000,
    "nonOperatingIncomeExcludingInterest": -25000000,
    "operatingIncome": 3870000000,
    "totalOtherIncomeExpensesNet": -224000000,
    "incomeBeforeTax": 3646000000,
    "incomeTaxExpense": 779000000,
    "netIncomeFromContinuingOperations": 2867000000,
    "netIncomeFromDiscontinuedOperations": 0,
    "otherAdjustmentsToNetIncome": 0,
    "netIncome": 2867000000,
    "netIncomeDeductions": 0,
    "bottomLineNetIncome": 2867000000,
    "eps": 2.53,
    "epsDiluted": 2.51,
    "weightedAverageShsOut": 1135000000,
    "weightedAverageShsOutDil": 1141000000
  },
  {
    "date": "2018-07-29",
    "symbol": "HD",
    "reportedCurrency": "USD",
    "cik": "0000354950",
    "filingDate": "2018-08-21",
    "acceptedDate": "2018-08-20 18:39:10",
    "fiscalYear": "2018",
    "period": "Q2",
    "revenue": 30463000000,
    "costOfRevenue": 20098000000,
    "grossProfit": 10365000000,
    "researchAndDevelopmentExpenses": 0,
    "generalAndAdministrativeExpenses": 5004000000,
    "sellingAndMarketingExpenses": 0,
    "sellingGeneralAndAdministrativeExpenses": 5004000000,
    "otherExpenses": 460000000,
    "operatingExpenses": 5464000000,
    "costAndExpenses": 25562000000,
    "netInterestIncome": -246000000,
    "interestIncome": 26000000,
    "interestExpense": 272000000,
    "depreciationAndAmortization": 530000000,
    "ebitda": 5457000000,
    "ebit": 4927000000,
    "nonOperatingIncomeExcludingInterest": -26000000,
    "operatingIncome": 4901000000,
    "totalOtherIncomeExpensesNet": -246000000,
    "incomeBeforeTax": 4655000000,
    "incomeTaxExpense": 1149000000,
    "netIncomeFromContinuingOperations": 3506000000,
    "netIncomeFromDiscontinuedOperations": 0,
    "otherAdjustmentsToNetIncome": 0,
    "netIncome": 3506000000,
    "netIncomeDeductions": 0,
    "bottomLineNetIncome": 3506000000,
    "eps": 3.06,
    "epsDiluted": 3.05,
    "weightedAverageShsOut": 1144000000,
    "weightedAverageShsOutDil": 1149000000
  },
  {
    "date": "2018-04-29",
    "symbol": "HD",
    "reportedCurrency": "USD",
    "cik": "0000354950",
    "filingDate": "2018-05-22",
    "acceptedDate": "2018-05-21 18:12:31",
    "fiscalYear": "2018",
    "period": "Q1",
    "revenue": 24947000000,
    "costOfRevenue": 16330000000,
    "grossProfit": 8617000000,
    "researchAndDevelopmentExpenses": 0,
    "generalAndAdministrativeExpenses": 4779000000,
    "sellingAndMarketingExpenses": 0,
    "sellingGeneralAndAdministrativeExpenses": 4779000000,
    "otherExpenses": 457000000,
    "operatingExpenses": 5236000000,
    "costAndExpenses": 21566000000,
    "netInterestIncome": -239000000,
    "interestIncome": 22000000,
    "interestExpense": 261000000,
    "depreciationAndAmortization": 532000000,
    "ebitda": 3935000000,
    "ebit": 3403000000,
    "nonOperatingIncomeExcludingInterest": -22000000,
    "operatingIncome": 3381000000,
    "totalOtherIncomeExpensesNet": -239000000,
    "incomeBeforeTax": 3142000000,
    "incomeTaxExpense": 738000000,
    "netIncomeFromContinuingOperations": 2404000000,
    "netIncomeFromDiscontinuedOperations": 0,
    "otherAdjustmentsToNetIncome": 0,
    "netIncome": 2404000000,
    "netIncomeDeductions": 0,
    "bottomLineNetIncome": 2404000000,
    "eps": 2.09,
    "epsDiluted": 2.08,
    "weightedAverageShsOut": 1152000000,
    "weightedAverageShsOutDil": 1158000000
  },
  {
    "date": "2018-01-31",
    "symbol": "HD",
    "reportedCurrency": "USD",
    "cik": "0000354950",
    "filingDate": "2018-03-22",
    "acceptedDate": "2018-03-22 16:56:00",
    "fiscalYear": "2017",
    "period": "Q4",
    "revenue": 23883000000,
    "costOfRevenue": 15790000000,
    "grossProfit": 8093000000,
    "researchAndDevelopmentExpenses": 0,
    "generalAndAdministrativeExpenses": 3473000000,
    "sellingAndMarketingExpenses": 797000000,
    "sellingGeneralAndAdministrativeExpenses": 4270000000,
    "otherExpenses": 634000000,
    "operatingExpenses": 4904000000,
    "costAndExpenses": 20694000000,
    "netInterestIncome": -246000000,
    "interestIncome": 23000000,
    "interestExpense": 269000000,
    "depreciationAndAmortization": 529000000,
    "ebitda": 3741000000,
    "ebit": 3212000000,
    "nonOperatingIncomeExcludingInterest": -23000000,
    "operatingIncome": 3189000000,
    "totalOtherIncomeExpensesNet": -246000000,
    "incomeBeforeTax": 2943000000,
    "incomeTaxExpense": 1164000000,
    "netIncomeFromContinuingOperations": 1779000000,
    "netIncomeFromDiscontinuedOperations": 0,
    "otherAdjustmentsToNetIncome": 0,
    "netIncome": 1779000000,
    "netIncomeDeductions": 0,
    "bottomLineNetIncome": 1779000000,
    "eps": 1.53,
    "epsDiluted": 1.52,
    "weightedAverageShsOut": 1160000000,
    "weightedAverageShsOutDil": 1167000000
  },
  {
    "date": "2017-10-29",
    "symbol": "HD",
    "reportedCurrency": "USD",
    "cik": "0000354950",
    "filingDate": "2017-11-21",
    "acceptedDate": "2017-11-20 18:13:00",
    "fiscalYear": "2017",
    "period": "Q3",
    "revenue": 25026000000,
    "costOfRevenue": 16378000000,
    "grossProfit": 8648000000,
    "researchAndDevelopmentExpenses": 0,
    "generalAndAdministrativeExpenses": 4514000000,
    "sellingAndMarketingExpenses": 0,
    "sellingGeneralAndAdministrativeExpenses": 4514000000,
    "otherExpenses": 454000000,
    "operatingExpenses": 4968000000,
    "costAndExpenses": 21346000000,
    "netInterestIncome": -247000000,
    "interestIncome": 22000000,
    "interestExpense": 269000000,
    "depreciationAndAmortization": 518000000,
    "ebitda": 4220000000,
    "ebit": 3702000000,
    "nonOperatingIncomeExcludingInterest": -22000000,
    "operatingIncome": 3680000000,
    "totalOtherIncomeExpensesNet": -247000000,
    "incomeBeforeTax": 3433000000,
    "incomeTaxExpense": 1268000000,
    "netIncomeFromContinuingOperations": 2165000000,
    "netIncomeFromDiscontinuedOperations": 0,
    "otherAdjustmentsToNetIncome": 0,
    "netIncome": 2165000000,
    "netIncomeDeductions": 0,
    "bottomLineNetIncome": 2165000000,
    "eps": 1.85,
    "epsDiluted": 1.84,
    "weightedAverageShsOut": 1168000000,
    "weightedAverageShsOutDil": 1174000000
  },
  {
    "date": "2017-07-30",
    "symbol": "HD",
    "reportedCurrency": "USD",
    "cik": "0000354950",
    "filingDate": "2017-08-22",
    "acceptedDate": "2017-08-21 19:06:28",
    "fiscalYear": "2017",
    "period": "Q2",
    "revenue": 28108000000,
    "costOfRevenue": 18647000000,
    "grossProfit": 9461000000,
    "researchAndDevelopmentExpenses": 0,
    "generalAndAdministrativeExpenses": 4549000000,
    "sellingAndMarketingExpenses": 0,
    "sellingGeneralAndAdministrativeExpenses": 4549000000,
    "otherExpenses": 449000000,
    "operatingExpenses": 4998000000,
    "costAndExpenses": 23645000000,
    "netInterestIncome": -249000000,
    "interestIncome": 16000000,
    "interestExpense": 265000000,
    "depreciationAndAmortization": 510000000,
    "ebitda": 4989000000,
    "ebit": 4463000000,
    "nonOperatingIncomeExcludingInterest": -16000000,
    "operatingIncome": 4463000000,
    "totalOtherIncomeExpensesNet": -249000000,
    "incomeBeforeTax": 4214000000,
    "incomeTaxExpense": 1542000000,
    "netIncomeFromContinuingOperations": 2672000000,
    "netIncomeFromDiscontinuedOperations": 0,
    "otherAdjustmentsToNetIncome": 0,
    "netIncome": 2672000000,
    "netIncomeDeductions": 0,
    "bottomLineNetIncome": 2672000000,
    "eps": 2.26,
    "epsDiluted": 2.25,
    "weightedAverageShsOut": 1183000000,
    "weightedAverageShsOutDil": 1189000000
  },
  {
    "date": "2017-04-30",
    "symbol": "HD",
    "reportedCurrency": "USD",
    "cik": "0000354950",
    "filingDate": "2017-05-23",
    "acceptedDate": "2017-05-22 18:28:07",
    "fiscalYear": "2017",
    "period": "Q1",
    "revenue": 23887000000,
    "costOfRevenue": 15733000000,
    "grossProfit": 8154000000,
    "researchAndDevelopmentExpenses": 0,
    "generalAndAdministrativeExpenses": 0,
    "sellingAndMarketingExpenses": 0,
    "sellingGeneralAndAdministrativeExpenses": 4361000000,
    "otherExpenses": 444000000,
    "operatingExpenses": 4805000000,
    "costAndExpenses": 20538000000,
    "netInterestIncome": -241000000,
    "interestIncome": 13000000,
    "interestExpense": 254000000,
    "depreciationAndAmortization": 505000000,
    "ebitda": 3867000000,
    "ebit": 3349000000,
    "nonOperatingIncomeExcludingInterest": -13000000,
    "operatingIncome": 3349000000,
    "totalOtherIncomeExpensesNet": -241000000,
    "incomeBeforeTax": 3108000000,
    "incomeTaxExpense": 1094000000,
    "netIncomeFromContinuingOperations": 2014000000,
    "netIncomeFromDiscontinuedOperations": 0,
    "otherAdjustmentsToNetIncome": 0,
    "netIncome": 2014000000,
    "netIncomeDeductions": 0,
    "bottomLineNetIncome": 2014000000,
    "eps": 1.68,
    "epsDiluted": 1.67,
    "weightedAverageShsOut": 1198000000,
    "weightedAverageShsOutDil": 1204000000
  },
  {
    "date": "2017-01-31",
    "symbol": "HD",
    "reportedCurrency": "USD",
    "cik": "0000354950",
    "filingDate": "2017-03-23",
    "acceptedDate": "2017-03-23 16:29:46",
    "fiscalYear": "2016",
    "period": "Q4",
    "revenue": 22207000000,
    "costOfRevenue": 14654000000,
    "grossProfit": 7553000000,
    "researchAndDevelopmentExpenses": 0,
    "generalAndAdministrativeExpenses": 3394000000,
    "sellingAndMarketingExpenses": 789000000,
    "sellingGeneralAndAdministrativeExpenses": 4183000000,
    "otherExpenses": 443000000,
    "operatingExpenses": 4626000000,
    "costAndExpenses": 19280000000,
    "netInterestIncome": -235000000,
    "interestIncome": 11000000,
    "interestExpense": 246000000,
    "depreciationAndAmortization": 499000000,
    "ebitda": 3437000000,
    "ebit": 2927000000,
    "nonOperatingIncomeExcludingInterest": 0,
    "operatingIncome": 2927000000,
    "totalOtherIncomeExpensesNet": -235000000,
    "incomeBeforeTax": 2692000000,
    "incomeTaxExpense": 948000000,
    "netIncomeFromContinuingOperations": 1744000000,
    "netIncomeFromDiscontinuedOperations": 0,
    "otherAdjustmentsToNetIncome": 0,
    "netIncome": 1744000000,
    "netIncomeDeductions": 0,
    "bottomLineNetIncome": 1744000000,
    "eps": 1.45,
    "epsDiluted": 1.44,
    "weightedAverageShsOut": 1206000000,
    "weightedAverageShsOutDil": 1211000000
  },
  {
    "date": "2016-10-30",
    "symbol": "HD",
    "reportedCurrency": "USD",
    "cik": "0000354950",
    "filingDate": "2016-11-22",
    "acceptedDate": "2016-11-21 19:02:56",
    "fiscalYear": "2016",
    "period": "Q3",
    "revenue": 23154000000,
    "costOfRevenue": 15112000000,
    "grossProfit": 8042000000,
    "researchAndDevelopmentExpenses": 0,
    "generalAndAdministrativeExpenses": 4280000000,
    "sellingAndMarketingExpenses": 0,
    "sellingGeneralAndAdministrativeExpenses": 4280000000,
    "otherExpenses": 442000000,
    "operatingExpenses": 4722000000,
    "costAndExpenses": 19834000000,
    "netInterestIncome": -236000000,
    "interestIncome": 10000000,
    "interestExpense": 246000000,
    "depreciationAndAmortization": 496000000,
    "ebitda": 3826000000,
    "ebit": 3320000000,
    "nonOperatingIncomeExcludingInterest": 0,
    "operatingIncome": 3320000000,
    "totalOtherIncomeExpensesNet": -236000000,
    "incomeBeforeTax": 3084000000,
    "incomeTaxExpense": 1115000000,
    "netIncomeFromContinuingOperations": 1969000000,
    "netIncomeFromDiscontinuedOperations": 0,
    "otherAdjustmentsToNetIncome": 0,
    "netIncome": 1969000000,
    "netIncomeDeductions": 0,
    "bottomLineNetIncome": 1969000000,
    "eps": 1.61,
    "epsDiluted": 1.6,
    "weightedAverageShsOut": 1224000000,
    "weightedAverageShsOutDil": 1229000000
  },
  {
    "date": "2016-07-31",
    "symbol": "HD",
    "reportedCurrency": "USD",
    "cik": "0000354950",
    "filingDate": "2016-08-23",
    "acceptedDate": "2016-08-22 18:18:52",
    "fiscalYear": "2016",
    "period": "Q2",
    "revenue": 26472000000,
    "costOfRevenue": 17545000000,
    "grossProfit": 8927000000,
    "researchAndDevelopmentExpenses": 0,
    "generalAndAdministrativeExpenses": 0,
    "sellingAndMarketingExpenses": 0,
    "sellingGeneralAndAdministrativeExpenses": 4388000000,
    "otherExpenses": 436000000,
    "operatingExpenses": 4824000000,
    "costAndExpenses": 22369000000,
    "netInterestIncome": -228000000,
    "interestIncome": 8000000,
    "interestExpense": 236000000,
    "depreciationAndAmortization": 492000000,
    "ebitda": 4595000000,
    "ebit": 4111000000,
    "nonOperatingIncomeExcludingInterest": -8000000,
    "operatingIncome": 4103000000,
    "totalOtherIncomeExpensesNet": -228000000,
    "incomeBeforeTax": 3875000000,
    "incomeTaxExpense": 1434000000,
    "netIncomeFromContinuingOperations": 2441000000,
    "netIncomeFromDiscontinuedOperations": 0,
    "otherAdjustmentsToNetIncome": 0,
    "netIncome": 2441000000,
    "netIncomeDeductions": 0,
    "bottomLineNetIncome": 2441000000,
    "eps": 1.98,
    "epsDiluted": 1.97,
    "weightedAverageShsOut": 1235000000,
    "weightedAverageShsOutDil": 1240000000
  },
  {
    "date": "2016-05-01",
    "symbol": "HD",
    "reportedCurrency": "USD",
    "cik": "0000354950",
    "filingDate": "2016-05-24",
    "acceptedDate": "2016-05-23 18:40:09",
    "fiscalYear": "2016",
    "period": "Q1",
    "revenue": 22762000000,
    "costOfRevenue": 14971000000,
    "grossProfit": 7791000000,
    "researchAndDevelopmentExpenses": 0,
    "generalAndAdministrativeExpenses": 4281000000,
    "sellingAndMarketingExpenses": 0,
    "sellingGeneralAndAdministrativeExpenses": 4281000000,
    "otherExpenses": 433000000,
    "operatingExpenses": 4714000000,
    "costAndExpenses": 19685000000,
    "netInterestIncome": -237000000,
    "interestIncome": 7000000,
    "interestExpense": 244000000,
    "depreciationAndAmortization": 486000000,
    "ebitda": 3563000000,
    "ebit": 3084000000,
    "nonOperatingIncomeExcludingInterest": -7000000,
    "operatingIncome": 3077000000,
    "totalOtherIncomeExpensesNet": -237000000,
    "incomeBeforeTax": 2840000000,
    "incomeTaxExpense": 1037000000,
    "netIncomeFromContinuingOperations": 1803000000,
    "netIncomeFromDiscontinuedOperations": 0,
    "otherAdjustmentsToNetIncome": 0,
    "netIncome": 1803000000,
    "netIncomeDeductions": 0,
    "bottomLineNetIncome": 1803000000,
    "eps": 1.45,
    "epsDiluted": 1.44,
    "weightedAverageShsOut": 1247000000,
    "weightedAverageShsOutDil": 1252000000
  },
  {
    "date": "2016-01-31",
    "symbol": "HD",
    "reportedCurrency": "USD",
    "cik": "0000354950",
    "filingDate": "2016-03-24",
    "acceptedDate": "2016-03-24 16:05:36",
    "fiscalYear": "2015",
    "period": "Q4",
    "revenue": 20980000000,
    "costOfRevenue": 13824000000,
    "grossProfit": 7156000000,
    "researchAndDevelopmentExpenses": 0,
    "generalAndAdministrativeExpenses": 12623000000,
    "sellingAndMarketingExpenses": -8445000000,
    "sellingGeneralAndAdministrativeExpenses": 4178000000,
    "otherExpenses": 429000000,
    "operatingExpenses": 4607000000,
    "costAndExpenses": 18431000000,
    "netInterestIncome": -236000000,
    "interestIncome": 6000000,
    "interestExpense": 242000000,
    "depreciationAndAmortization": 479000000,
    "ebitda": 3034000000,
    "ebit": 2555000000,
    "nonOperatingIncomeExcludingInterest": -6000000,
    "operatingIncome": 2549000000,
    "totalOtherIncomeExpensesNet": -236000000,
    "incomeBeforeTax": 2313000000,
    "incomeTaxExpense": 842000000,
    "netIncomeFromContinuingOperations": 1471000000,
    "netIncomeFromDiscontinuedOperations": 0,
    "otherAdjustmentsToNetIncome": 0,
    "netIncome": 1471000000,
    "netIncomeDeductions": 0,
    "bottomLineNetIncome": 1471000000,
    "eps": 1.17,
    "epsDiluted": 1.17,
    "weightedAverageShsOut": 1252000000,
    "weightedAverageShsOutDil": 1259000000
  },
  {
    "date": "2015-11-01",
    "symbol": "HD",
    "reportedCurrency": "USD",
    "cik": "0000354950",
    "filingDate": "2015-11-24",
    "acceptedDate": "2015-11-23 17:47:23",
    "fiscalYear": "2015",
    "period": "Q3",
    "revenue": 21819000000,
    "costOfRevenue": 14254000000,
    "grossProfit": 7565000000,
    "researchAndDevelopmentExpenses": 0,
    "generalAndAdministrativeExpenses": 4161000000,
    "sellingAndMarketingExpenses": 0,
    "sellingGeneralAndAdministrativeExpenses": 4161000000,
    "otherExpenses": 423000000,
    "operatingExpenses": 4584000000,
    "costAndExpenses": 18838000000,
    "netInterestIncome": -240000000,
    "interestIncome": 7000000,
    "interestExpense": 247000000,
    "depreciationAndAmortization": 469000000,
    "ebitda": 3450000000,
    "ebit": 2988000000,
    "nonOperatingIncomeExcludingInterest": -7000000,
    "operatingIncome": 2981000000,
    "totalOtherIncomeExpensesNet": -240000000,
    "incomeBeforeTax": 2741000000,
    "incomeTaxExpense": 1016000000,
    "netIncomeFromContinuingOperations": 1725000000,
    "netIncomeFromDiscontinuedOperations": 0,
    "otherAdjustmentsToNetIncome": 0,
    "netIncome": 1725000000,
    "netIncomeDeductions": 0,
    "bottomLineNetIncome": 1725000000,
    "eps": 1.36,
    "epsDiluted": 1.35,
    "weightedAverageShsOut": 1268000000,
    "weightedAverageShsOutDil": 1274000000
  },
  {
    "date": "2015-08-02",
    "symbol": "HD",
    "reportedCurrency": "USD",
    "cik": "0000354950",
    "filingDate": "2015-08-25",
    "acceptedDate": "2015-08-24 18:15:14",
    "fiscalYear": "2015",
    "period": "Q2",
    "revenue": 24829000000,
    "costOfRevenue": 16464000000,
    "grossProfit": 8365000000,
    "researchAndDevelopmentExpenses": 0,
    "generalAndAdministrativeExpenses": 4299000000,
    "sellingAndMarketingExpenses": 0,
    "sellingGeneralAndAdministrativeExpenses": 4299000000,
    "otherExpenses": 419000000,
    "operatingExpenses": 4718000000,
    "costAndExpenses": 21182000000,
    "netInterestIncome": -84000000,
    "interestIncome": 149000000,
    "interestExpense": 233000000,
    "depreciationAndAmortization": 461000000,
    "ebitda": 4108000000,
    "ebit": 3796000000,
    "nonOperatingIncomeExcludingInterest": -149000000,
    "operatingIncome": 3647000000,
    "totalOtherIncomeExpensesNet": -84000000,
    "incomeBeforeTax": 3563000000,
    "incomeTaxExpense": 1329000000,
    "netIncomeFromContinuingOperations": 2234000000,
    "netIncomeFromDiscontinuedOperations": 0,
    "otherAdjustmentsToNetIncome": 0,
    "netIncome": 2234000000,
    "netIncomeDeductions": 0,
    "bottomLineNetIncome": 2234000000,
    "eps": 1.74,
    "epsDiluted": 1.73,
    "weightedAverageShsOut": 1283000000,
    "weightedAverageShsOutDil": 1289000000
  },
  {
    "date": "2015-05-03",
    "symbol": "HD",
    "reportedCurrency": "USD",
    "cik": "0000354950",
    "filingDate": "2015-05-27",
    "acceptedDate": "2015-05-26 18:21:38",
    "fiscalYear": "2015",
    "period": "Q1",
    "revenue": 20891000000,
    "costOfRevenue": 13712000000,
    "grossProfit": 7179000000,
    "researchAndDevelopmentExpenses": 0,
    "generalAndAdministrativeExpenses": 4163000000,
    "sellingAndMarketingExpenses": 0,
    "sellingGeneralAndAdministrativeExpenses": 4163000000,
    "otherExpenses": 419000000,
    "operatingExpenses": 4582000000,
    "costAndExpenses": 18294000000,
    "netInterestIncome": -193000000,
    "interestIncome": 4000000,
    "interestExpense": 197000000,
    "depreciationAndAmortization": 454000000,
    "ebitda": 3042000000,
    "ebit": 2601000000,
    "nonOperatingIncomeExcludingInterest": -4000000,
    "operatingIncome": 2597000000,
    "totalOtherIncomeExpensesNet": -193000000,
    "incomeBeforeTax": 2404000000,
    "incomeTaxExpense": 825000000,
    "netIncomeFromContinuingOperations": 1579000000,
    "netIncomeFromDiscontinuedOperations": 0,
    "otherAdjustmentsToNetIncome": 0,
    "netIncome": 1579000000,
    "netIncomeDeductions": 0,
    "bottomLineNetIncome": 1579000000,
    "eps": 1.22,
    "epsDiluted": 1.21,
    "weightedAverageShsOut": 1298000000,
    "weightedAverageShsOutDil": 1305000000
  },
  {
    "date": "2015-01-31",
    "symbol": "HD",
    "reportedCurrency": "USD",
    "cik": "0000354950",
    "filingDate": "2015-03-26",
    "acceptedDate": "2015-03-26 16:03:43",
    "fiscalYear": "2014",
    "period": "Q4",
    "revenue": 19162000000,
    "costOfRevenue": 12439000000,
    "grossProfit": 6723000000,
    "researchAndDevelopmentExpenses": 0,
    "generalAndAdministrativeExpenses": 3571000000,
    "sellingAndMarketingExpenses": 554000000,
    "sellingGeneralAndAdministrativeExpenses": 4125000000,
    "otherExpenses": 407000000,
    "operatingExpenses": 4532000000,
    "costAndExpenses": 16971000000,
    "netInterestIncome": -98000000,
    "interestIncome": 115000000,
    "interestExpense": 213000000,
    "depreciationAndAmortization": 441000000,
    "ebitda": 2602000000,
    "ebit": 2161000000,
    "nonOperatingIncomeExcludingInterest": 30000000,
    "operatingIncome": 2191000000,
    "totalOtherIncomeExpensesNet": -98000000,
    "incomeBeforeTax": 2093000000,
    "incomeTaxExpense": 714000000,
    "netIncomeFromContinuingOperations": 1379000000,
    "netIncomeFromDiscontinuedOperations": 0,
    "otherAdjustmentsToNetIncome": 0,
    "netIncome": 1379000000,
    "netIncomeDeductions": 0,
    "bottomLineNetIncome": 1379000000,
    "eps": 1.06,
    "epsDiluted": 1.05,
    "weightedAverageShsOut": 1306000000,
    "weightedAverageShsOutDil": 1314000000
  },
  {
    "date": "2014-11-02",
    "symbol": "HD",
    "reportedCurrency": "USD",
    "cik": "0000354950",
    "filingDate": "2014-11-25",
    "acceptedDate": "2014-11-24 18:39:32",
    "fiscalYear": "2014",
    "period": "Q3",
    "revenue": 20516000000,
    "costOfRevenue": 13331000000,
    "grossProfit": 7185000000,
    "researchAndDevelopmentExpenses": 0,
    "generalAndAdministrativeExpenses": 4217000000,
    "sellingAndMarketingExpenses": 0,
    "sellingGeneralAndAdministrativeExpenses": 4217000000,
    "otherExpenses": 415000000,
    "operatingExpenses": 4632000000,
    "costAndExpenses": 17963000000,
    "netInterestIncome": -113000000,
    "interestIncome": 105000000,
    "interestExpense": 218000000,
    "depreciationAndAmortization": 449000000,
    "ebitda": 3002000000,
    "ebit": 2553000000,
    "nonOperatingIncomeExcludingInterest": 0,
    "operatingIncome": 2553000000,
    "totalOtherIncomeExpensesNet": -113000000,
    "incomeBeforeTax": 2440000000,
    "incomeTaxExpense": 903000000,
    "netIncomeFromContinuingOperations": 1537000000,
    "netIncomeFromDiscontinuedOperations": 0,
    "otherAdjustmentsToNetIncome": 0,
    "netIncome": 1537000000,
    "netIncomeDeductions": 0,
    "bottomLineNetIncome": 1537000000,
    "eps": 1.16,
    "epsDiluted": 1.15,
    "weightedAverageShsOut": 1327000000,
    "weightedAverageShsOutDil": 1334000000
  },
  {
    "date": "2014-08-03",
    "symbol": "HD",
    "reportedCurrency": "USD",
    "cik": "0000354950",
    "filingDate": "2014-08-27",
    "acceptedDate": "2014-08-27 16:00:23",
    "fiscalYear": "2014",
    "period": "Q2",
    "revenue": 23811000000,
    "costOfRevenue": 15650000000,
    "grossProfit": 8161000000,
    "researchAndDevelopmentExpenses": 0,
    "generalAndAdministrativeExpenses": 4146000000,
    "sellingAndMarketingExpenses": 152000000,
    "sellingGeneralAndAdministrativeExpenses": 4298000000,
    "otherExpenses": 415000000,
    "operatingExpenses": 4713000000,
    "costAndExpenses": 20363000000,
    "netInterestIncome": -191000000,
    "interestIncome": 17000000,
    "interestExpense": 208000000,
    "depreciationAndAmortization": 449000000,
    "ebitda": 3897000000,
    "ebit": 3465000000,
    "nonOperatingIncomeExcludingInterest": -17000000,
    "operatingIncome": 3448000000,
    "totalOtherIncomeExpensesNet": -191000000,
    "incomeBeforeTax": 3257000000,
    "incomeTaxExpense": 1207000000,
    "netIncomeFromContinuingOperations": 2050000000,
    "netIncomeFromDiscontinuedOperations": 0,
    "otherAdjustmentsToNetIncome": 0,
    "netIncome": 2050000000,
    "netIncomeDeductions": 0,
    "bottomLineNetIncome": 2050000000,
    "eps": 1.52,
    "epsDiluted": 1.52,
    "weightedAverageShsOut": 1346000000,
    "weightedAverageShsOutDil": 1353000000
  },
  {
    "date": "2014-05-04",
    "symbol": "HD",
    "reportedCurrency": "USD",
    "cik": "0000354950",
    "filingDate": "2014-05-28",
    "acceptedDate": "2014-05-28 16:02:25",
    "fiscalYear": "2014",
    "period": "Q1",
    "revenue": 19687000000,
    "costOfRevenue": 12802000000,
    "grossProfit": 6885000000,
    "researchAndDevelopmentExpenses": 0,
    "generalAndAdministrativeExpenses": 4067000000,
    "sellingAndMarketingExpenses": 127000000,
    "sellingGeneralAndAdministrativeExpenses": 4194000000,
    "otherExpenses": 414000000,
    "operatingExpenses": 4608000000,
    "costAndExpenses": 17410000000,
    "netInterestIncome": -91000000,
    "interestIncome": 100000000,
    "interestExpense": 191000000,
    "depreciationAndAmortization": 447000000,
    "ebitda": 2724000000,
    "ebit": 2277000000,
    "nonOperatingIncomeExcludingInterest": 0,
    "operatingIncome": 2277000000,
    "totalOtherIncomeExpensesNet": -91000000,
    "incomeBeforeTax": 2186000000,
    "incomeTaxExpense": 807000000,
    "netIncomeFromContinuingOperations": 1379000000,
    "netIncomeFromDiscontinuedOperations": 0,
    "otherAdjustmentsToNetIncome": 0,
    "netIncome": 1379000000,
    "netIncomeDeductions": 0,
    "bottomLineNetIncome": 1379000000,
    "eps": 1.01,
    "epsDiluted": 1,
    "weightedAverageShsOut": 1367000000,
    "weightedAverageShsOutDil": 1376000000
  },
  {
    "date": "2014-01-31",
    "symbol": "HD",
    "reportedCurrency": "USD",
    "cik": "0000354950",
    "filingDate": "2014-03-27",
    "acceptedDate": "2014-03-27 16:14:17",
    "fiscalYear": "2013",
    "period": "Q4",
    "revenue": 17696000000,
    "costOfRevenue": 11504000000,
    "grossProfit": 6192000000,
    "researchAndDevelopmentExpenses": 0,
    "generalAndAdministrativeExpenses": 4024000000,
    "sellingAndMarketingExpenses": 0,
    "sellingGeneralAndAdministrativeExpenses": 4024000000,
    "otherExpenses": 407000000,
    "operatingExpenses": 4431000000,
    "costAndExpenses": 15935000000,
    "netInterestIncome": -178000000,
    "interestIncome": 4000000,
    "interestExpense": 182000000,
    "depreciationAndAmortization": 440000000,
    "ebitda": 2201000000,
    "ebit": 1765000000,
    "nonOperatingIncomeExcludingInterest": -4000000,
    "operatingIncome": 1761000000,
    "totalOtherIncomeExpensesNet": -178000000,
    "incomeBeforeTax": 1583000000,
    "incomeTaxExpense": 570000000,
    "netIncomeFromContinuingOperations": 1013000000,
    "netIncomeFromDiscontinuedOperations": 0,
    "otherAdjustmentsToNetIncome": 0,
    "netIncome": 1013000000,
    "netIncomeDeductions": 0,
    "bottomLineNetIncome": 1013000000,
    "eps": 0.73,
    "epsDiluted": 0.73,
    "weightedAverageShsOut": 1382000000,
    "weightedAverageShsOutDil": 1391000000
  },
  {
    "date": "2013-11-03",
    "symbol": "HD",
    "reportedCurrency": "USD",
    "cik": "0000354950",
    "filingDate": "2013-11-27",
    "acceptedDate": "2013-11-27 08:00:40",
    "fiscalYear": "2013",
    "period": "Q3",
    "revenue": 19470000000,
    "costOfRevenue": 12672000000,
    "grossProfit": 6798000000,
    "researchAndDevelopmentExpenses": 0,
    "generalAndAdministrativeExpenses": 4096000000,
    "sellingAndMarketingExpenses": 0,
    "sellingGeneralAndAdministrativeExpenses": 4096000000,
    "otherExpenses": 409000000,
    "operatingExpenses": 4505000000,
    "costAndExpenses": 17177000000,
    "netInterestIncome": -188000000,
    "interestIncome": 3000000,
    "interestExpense": 191000000,
    "depreciationAndAmortization": 440000000,
    "ebitda": 2733000000,
    "ebit": 2296000000,
    "nonOperatingIncomeExcludingInterest": -3000000,
    "operatingIncome": 2293000000,
    "totalOtherIncomeExpensesNet": -188000000,
    "incomeBeforeTax": 2105000000,
    "incomeTaxExpense": 754000000,
    "netIncomeFromContinuingOperations": 1351000000,
    "netIncomeFromDiscontinuedOperations": 0,
    "otherAdjustmentsToNetIncome": 0,
    "netIncome": 1351000000,
    "netIncomeDeductions": 0,
    "bottomLineNetIncome": 1351000000,
    "eps": 0.96,
    "epsDiluted": 0.95,
    "weightedAverageShsOut": 1408000000,
    "weightedAverageShsOutDil": 1417000000
  },
  {
    "date": "2013-08-04",
    "symbol": "HD",
    "reportedCurrency": "USD",
    "cik": "0000354950",
    "filingDate": "2013-08-28",
    "acceptedDate": "2013-08-28 16:00:46",
    "fiscalYear": "2013",
    "period": "Q2",
    "revenue": 22522000000,
    "costOfRevenue": 14801000000,
    "grossProfit": 7721000000,
    "researchAndDevelopmentExpenses": 0,
    "generalAndAdministrativeExpenses": 4294000000,
    "sellingAndMarketingExpenses": 0,
    "sellingGeneralAndAdministrativeExpenses": 4294000000,
    "otherExpenses": 409000000,
    "operatingExpenses": 4703000000,
    "costAndExpenses": 19504000000,
    "netInterestIncome": -172000000,
    "interestIncome": 2000000,
    "interestExpense": 174000000,
    "depreciationAndAmortization": 442000000,
    "ebitda": 3462000000,
    "ebit": 3020000000,
    "nonOperatingIncomeExcludingInterest": -2000000,
    "operatingIncome": 3018000000,
    "totalOtherIncomeExpensesNet": -172000000,
    "incomeBeforeTax": 2846000000,
    "incomeTaxExpense": 1051000000,
    "netIncomeFromContinuingOperations": 1795000000,
    "netIncomeFromDiscontinuedOperations": 0,
    "otherAdjustmentsToNetIncome": 0,
    "netIncome": 1795000000,
    "netIncomeDeductions": 0,
    "bottomLineNetIncome": 1795000000,
    "eps": 1.25,
    "epsDiluted": 1.24,
    "weightedAverageShsOut": 1434000000,
    "weightedAverageShsOutDil": 1443000000
  },
  {
    "date": "2013-05-05",
    "symbol": "HD",
    "reportedCurrency": "USD",
    "cik": "0000354950",
    "filingDate": "2013-05-29",
    "acceptedDate": "2013-05-29 16:06:07",
    "fiscalYear": "2013",
    "period": "Q1",
    "revenue": 19124000000,
    "costOfRevenue": 12445000000,
    "grossProfit": 6679000000,
    "researchAndDevelopmentExpenses": 0,
    "generalAndAdministrativeExpenses": 4183000000,
    "sellingAndMarketingExpenses": 0,
    "sellingGeneralAndAdministrativeExpenses": 4183000000,
    "otherExpenses": 402000000,
    "operatingExpenses": 4585000000,
    "costAndExpenses": 17030000000,
    "netInterestIncome": -161000000,
    "interestIncome": 3000000,
    "interestExpense": 164000000,
    "depreciationAndAmortization": 435000000,
    "ebitda": 2532000000,
    "ebit": 2097000000,
    "nonOperatingIncomeExcludingInterest": -3000000,
    "operatingIncome": 2094000000,
    "totalOtherIncomeExpensesNet": -161000000,
    "incomeBeforeTax": 1933000000,
    "incomeTaxExpense": 707000000,
    "netIncomeFromContinuingOperations": 1226000000,
    "netIncomeFromDiscontinuedOperations": 0,
    "otherAdjustmentsToNetIncome": 0,
    "netIncome": 1226000000,
    "netIncomeDeductions": 0,
    "bottomLineNetIncome": 1226000000,
    "eps": 0.84,
    "epsDiluted": 0.83,
    "weightedAverageShsOut": 1468000000,
    "weightedAverageShsOutDil": 1478000000
  },
  {
    "date": "2013-01-31",
    "symbol": "HD",
    "reportedCurrency": "USD",
    "cik": "0000354950",
    "filingDate": "2013-03-28",
    "acceptedDate": "2013-03-28 16:22:36",
    "fiscalYear": "2012",
    "period": "Q4",
    "revenue": 18246000000,
    "costOfRevenue": 11880000000,
    "grossProfit": 6366000000,
    "researchAndDevelopmentExpenses": 0,
    "generalAndAdministrativeExpenses": 4217000000,
    "sellingAndMarketingExpenses": 0,
    "sellingGeneralAndAdministrativeExpenses": 4217000000,
    "otherExpenses": 399000000,
    "operatingExpenses": 4616000000,
    "costAndExpenses": 16496000000,
    "netInterestIncome": -160000000,
    "interestIncome": 6000000,
    "interestExpense": 166000000,
    "depreciationAndAmortization": 427000000,
    "ebitda": 2183000000,
    "ebit": 1756000000,
    "nonOperatingIncomeExcludingInterest": -6000000,
    "operatingIncome": 1750000000,
    "totalOtherIncomeExpensesNet": -160000000,
    "incomeBeforeTax": 1590000000,
    "incomeTaxExpense": 569000000,
    "netIncomeFromContinuingOperations": 1021000000,
    "netIncomeFromDiscontinuedOperations": 0,
    "otherAdjustmentsToNetIncome": 0,
    "netIncome": 1021000000,
    "netIncomeDeductions": 0,
    "bottomLineNetIncome": 1021000000,
    "eps": 0.69,
    "epsDiluted": 0.68,
    "weightedAverageShsOut": 1479000000,
    "weightedAverageShsOutDil": 1491000000
  },
  {
    "date": "2012-10-28",
    "symbol": "HD",
    "reportedCurrency": "USD",
    "cik": "0000354950",
    "filingDate": "2012-11-21",
    "acceptedDate": "2012-11-21 16:06:49",
    "fiscalYear": "2012",
    "period": "Q3",
    "revenue": 18130000000,
    "costOfRevenue": 11863000000,
    "grossProfit": 6267000000,
    "researchAndDevelopmentExpenses": 0,
    "generalAndAdministrativeExpenses": 4139000000,
    "sellingAndMarketingExpenses": 0,
    "sellingGeneralAndAdministrativeExpenses": 4139000000,
    "otherExpenses": 395000000,
    "operatingExpenses": 4534000000,
    "costAndExpenses": 16397000000,
    "netInterestIncome": -150000000,
    "interestIncome": 5000000,
    "interestExpense": 155000000,
    "depreciationAndAmortization": 424000000,
    "ebitda": 2162000000,
    "ebit": 1738000000,
    "nonOperatingIncomeExcludingInterest": -5000000,
    "operatingIncome": 1733000000,
    "totalOtherIncomeExpensesNet": -150000000,
    "incomeBeforeTax": 1583000000,
    "incomeTaxExpense": 636000000,
    "netIncomeFromContinuingOperations": 947000000,
    "netIncomeFromDiscontinuedOperations": 0,
    "otherAdjustmentsToNetIncome": 0,
    "netIncome": 947000000,
    "netIncomeDeductions": 0,
    "bottomLineNetIncome": 947000000,
    "eps": 0.64,
    "epsDiluted": 0.63,
    "weightedAverageShsOut": 1487000000,
    "weightedAverageShsOutDil": 1498000000
  },
  {
    "date": "2012-07-29",
    "symbol": "HD",
    "reportedCurrency": "USD",
    "cik": "0000354950",
    "filingDate": "2012-08-22",
    "acceptedDate": "2012-08-22 16:04:26",
    "fiscalYear": "2012",
    "period": "Q2",
    "revenue": 20570000000,
    "costOfRevenue": 13544000000,
    "grossProfit": 7026000000,
    "researchAndDevelopmentExpenses": 0,
    "generalAndAdministrativeExpenses": 4066000000,
    "sellingAndMarketingExpenses": 0,
    "sellingGeneralAndAdministrativeExpenses": 4066000000,
    "otherExpenses": 391000000,
    "operatingExpenses": 4457000000,
    "costAndExpenses": 18001000000,
    "netInterestIncome": -151000000,
    "interestIncome": 4000000,
    "interestExpense": 155000000,
    "depreciationAndAmortization": 423000000,
    "ebitda": 2996000000,
    "ebit": 2573000000,
    "nonOperatingIncomeExcludingInterest": -4000000,
    "operatingIncome": 2569000000,
    "totalOtherIncomeExpensesNet": -151000000,
    "incomeBeforeTax": 2418000000,
    "incomeTaxExpense": 886000000,
    "netIncomeFromContinuingOperations": 1532000000,
    "netIncomeFromDiscontinuedOperations": 0,
    "otherAdjustmentsToNetIncome": 0,
    "netIncome": 1532000000,
    "netIncomeDeductions": 0,
    "bottomLineNetIncome": 1532000000,
    "eps": 1.02,
    "epsDiluted": 1.01,
    "weightedAverageShsOut": 1501000000,
    "weightedAverageShsOutDil": 1512000000
  },
  {
    "date": "2012-04-29",
    "symbol": "HD",
    "reportedCurrency": "USD",
    "cik": "0000354950",
    "filingDate": "2012-05-24",
    "acceptedDate": "2012-05-24 16:04:56",
    "fiscalYear": "2012",
    "period": "Q1",
    "revenue": 17808000000,
    "costOfRevenue": 11625000000,
    "grossProfit": 6183000000,
    "researchAndDevelopmentExpenses": 0,
    "generalAndAdministrativeExpenses": 4086000000,
    "sellingAndMarketingExpenses": 0,
    "sellingGeneralAndAdministrativeExpenses": 4086000000,
    "otherExpenses": 383000000,
    "operatingExpenses": 4469000000,
    "costAndExpenses": 16094000000,
    "netInterestIncome": -151000000,
    "interestIncome": 5000000,
    "interestExpense": 156000000,
    "depreciationAndAmortization": 410000000,
    "ebitda": 2196000000,
    "ebit": 1786000000,
    "nonOperatingIncomeExcludingInterest": -72000000,
    "operatingIncome": 1714000000,
    "totalOtherIncomeExpensesNet": -84000000,
    "incomeBeforeTax": 1630000000,
    "incomeTaxExpense": 595000000,
    "netIncomeFromContinuingOperations": 1035000000,
    "netIncomeFromDiscontinuedOperations": 0,
    "otherAdjustmentsToNetIncome": 0,
    "netIncome": 1035000000,
    "netIncomeDeductions": 0,
    "bottomLineNetIncome": 1035000000,
    "eps": 0.68,
    "epsDiluted": 0.68,
    "weightedAverageShsOut": 1522000000,
    "weightedAverageShsOutDil": 1531000000
  },
  {
    "date": "2012-01-31",
    "symbol": "HD",
    "reportedCurrency": "USD",
    "cik": "0000354950",
    "filingDate": "2012-03-22",
    "acceptedDate": "2012-03-22 16:14:41",
    "fiscalYear": "2011",
    "period": "Q4",
    "revenue": 16014000000,
    "costOfRevenue": 10417000000,
    "grossProfit": 5597000000,
    "researchAndDevelopmentExpenses": 0,
    "generalAndAdministrativeExpenses": 3877000000,
    "sellingAndMarketingExpenses": 0,
    "sellingGeneralAndAdministrativeExpenses": 3877000000,
    "otherExpenses": 390000000,
    "operatingExpenses": 4267000000,
    "costAndExpenses": 14684000000,
    "netInterestIncome": -150000000,
    "interestIncome": 4000000,
    "interestExpense": 154000000,
    "depreciationAndAmortization": 417000000,
    "ebitda": 1751000000,
    "ebit": 1334000000,
    "nonOperatingIncomeExcludingInterest": -4000000,
    "operatingIncome": 1330000000,
    "totalOtherIncomeExpensesNet": -150000000,
    "incomeBeforeTax": 1180000000,
    "incomeTaxExpense": 406000000,
    "netIncomeFromContinuingOperations": 774000000,
    "netIncomeFromDiscontinuedOperations": 0,
    "otherAdjustmentsToNetIncome": 0,
    "netIncome": 774000000,
    "netIncomeDeductions": 0,
    "bottomLineNetIncome": 774000000,
    "eps": 0.5,
    "epsDiluted": 0.5,
    "weightedAverageShsOut": 1532000000,
    "weightedAverageShsOutDil": 1535000000
  },
  {
    "date": "2011-10-30",
    "symbol": "HD",
    "reportedCurrency": "USD",
    "cik": "0000354950",
    "filingDate": "2011-11-29",
    "acceptedDate": "2011-11-29 16:15:39",
    "fiscalYear": "2011",
    "period": "Q3",
    "revenue": 17326000000,
    "costOfRevenue": 11365000000,
    "grossProfit": 5961000000,
    "researchAndDevelopmentExpenses": 0,
    "generalAndAdministrativeExpenses": 3956000000,
    "sellingAndMarketingExpenses": 0,
    "sellingGeneralAndAdministrativeExpenses": 3956000000,
    "otherExpenses": 390000000,
    "operatingExpenses": 4346000000,
    "costAndExpenses": 15711000000,
    "netInterestIncome": -158000000,
    "interestIncome": 4000000,
    "interestExpense": 162000000,
    "depreciationAndAmortization": 416000000,
    "ebitda": 2035000000,
    "ebit": 1619000000,
    "nonOperatingIncomeExcludingInterest": -4000000,
    "operatingIncome": 1615000000,
    "totalOtherIncomeExpensesNet": -158000000,
    "incomeBeforeTax": 1457000000,
    "incomeTaxExpense": 523000000,
    "netIncomeFromContinuingOperations": 934000000,
    "netIncomeFromDiscontinuedOperations": 0,
    "otherAdjustmentsToNetIncome": 0,
    "netIncome": 934000000,
    "netIncomeDeductions": 0,
    "bottomLineNetIncome": 934000000,
    "eps": 0.61,
    "epsDiluted": 0.6,
    "weightedAverageShsOut": 1540000000,
    "weightedAverageShsOutDil": 1548000000
  },
  {
    "date": "2011-07-31",
    "symbol": "HD",
    "reportedCurrency": "USD",
    "cik": "0000354950",
    "filingDate": "2011-09-01",
    "acceptedDate": "2011-09-01 16:18:50",
    "fiscalYear": "2011",
    "period": "Q2",
    "revenue": 20232000000,
    "costOfRevenue": 13356000000,
    "grossProfit": 6876000000,
    "researchAndDevelopmentExpenses": 0,
    "generalAndAdministrativeExpenses": 0,
    "sellingAndMarketingExpenses": 0,
    "sellingGeneralAndAdministrativeExpenses": 4186000000,
    "otherExpenses": 396000000,
    "operatingExpenses": 4582000000,
    "costAndExpenses": 17938000000,
    "netInterestIncome": -146000000,
    "interestIncome": 3000000,
    "interestExpense": 149000000,
    "depreciationAndAmortization": 425000000,
    "ebitda": 2722000000,
    "ebit": 2297000000,
    "nonOperatingIncomeExcludingInterest": -3000000,
    "operatingIncome": 2294000000,
    "totalOtherIncomeExpensesNet": -146000000,
    "incomeBeforeTax": 2148000000,
    "incomeTaxExpense": 785000000,
    "netIncomeFromContinuingOperations": 1363000000,
    "netIncomeFromDiscontinuedOperations": 0,
    "otherAdjustmentsToNetIncome": 0,
    "netIncome": 1363000000,
    "netIncomeDeductions": 0,
    "bottomLineNetIncome": 1363000000,
    "eps": 0.87,
    "epsDiluted": 0.86,
    "weightedAverageShsOut": 1568000000,
    "weightedAverageShsOutDil": 1577000000
  },
  {
    "date": "2011-05-01",
    "symbol": "HD",
    "reportedCurrency": "USD",
    "cik": "0000354950",
    "filingDate": "2011-06-02",
    "acceptedDate": "2011-06-02 16:06:22",
    "fiscalYear": "2011",
    "period": "Q1",
    "revenue": 16823000000,
    "costOfRevenue": 10995000000,
    "grossProfit": 5828000000,
    "researchAndDevelopmentExpenses": 0,
    "generalAndAdministrativeExpenses": 4009000000,
    "sellingAndMarketingExpenses": 0,
    "sellingGeneralAndAdministrativeExpenses": 4009000000,
    "otherExpenses": 397000000,
    "operatingExpenses": 4406000000,
    "costAndExpenses": 15401000000,
    "netInterestIncome": -139000000,
    "interestIncome": 2000000,
    "interestExpense": 141000000,
    "depreciationAndAmortization": 424000000,
    "ebitda": 1848000000,
    "ebit": 1424000000,
    "nonOperatingIncomeExcludingInterest": -2000000,
    "operatingIncome": 1422000000,
    "totalOtherIncomeExpensesNet": -139000000,
    "incomeBeforeTax": 1283000000,
    "incomeTaxExpense": 471000000,
    "netIncomeFromContinuingOperations": 812000000,
    "netIncomeFromDiscontinuedOperations": 0,
    "otherAdjustmentsToNetIncome": 0,
    "netIncome": 812000000,
    "netIncomeDeductions": 0,
    "bottomLineNetIncome": 812000000,
    "eps": 0.51,
    "epsDiluted": 0.5,
    "weightedAverageShsOut": 1599000000,
    "weightedAverageShsOutDil": 1611000000
  },
  {
    "date": "2011-01-31",
    "symbol": "HD",
    "reportedCurrency": "USD",
    "cik": "0000354950",
    "filingDate": "2011-03-24",
    "acceptedDate": "2011-03-24 16:21:02",
    "fiscalYear": "2010",
    "period": "Q4",
    "revenue": 15126000000,
    "costOfRevenue": 9883000000,
    "grossProfit": 5243000000,
    "researchAndDevelopmentExpenses": 0,
    "generalAndAdministrativeExpenses": 3807000000,
    "sellingAndMarketingExpenses": 0,
    "sellingGeneralAndAdministrativeExpenses": 3807000000,
    "otherExpenses": 399000000,
    "operatingExpenses": 4206000000,
    "costAndExpenses": 14089000000,
    "netInterestIncome": -87000000,
    "interestIncome": 4000000,
    "interestExpense": 91000000,
    "depreciationAndAmortization": 426000000,
    "ebitda": 1467000000,
    "ebit": 1041000000,
    "nonOperatingIncomeExcludingInterest": -4000000,
    "operatingIncome": 1037000000,
    "totalOtherIncomeExpensesNet": -87000000,
    "incomeBeforeTax": 950000000,
    "incomeTaxExpense": 363000000,
    "netIncomeFromContinuingOperations": 587000000,
    "netIncomeFromDiscontinuedOperations": 0,
    "otherAdjustmentsToNetIncome": 0,
    "netIncome": 587000000,
    "netIncomeDeductions": 0,
    "bottomLineNetIncome": 587000000,
    "eps": 0.36,
    "epsDiluted": 0.36,
    "weightedAverageShsOut": 1621000000,
    "weightedAverageShsOutDil": 1626000000
  },
  {
    "date": "2010-10-31",
    "symbol": "HD",
    "reportedCurrency": "USD",
    "cik": "0000354950",
    "filingDate": "2010-12-02",
    "acceptedDate": "2010-12-02 16:05:55",
    "fiscalYear": "2010",
    "period": "Q3",
    "revenue": 16598000000,
    "costOfRevenue": 10913000000,
    "grossProfit": 5685000000,
    "researchAndDevelopmentExpenses": 0,
    "generalAndAdministrativeExpenses": 0,
    "sellingAndMarketingExpenses": 0,
    "sellingGeneralAndAdministrativeExpenses": 3837000000,
    "otherExpenses": 400000000,
    "operatingExpenses": 4237000000,
    "costAndExpenses": 15150000000,
    "netInterestIncome": -142000000,
    "interestIncome": 4000000,
    "interestExpense": 146000000,
    "depreciationAndAmortization": 426000000,
    "ebitda": 1878000000,
    "ebit": 1452000000,
    "nonOperatingIncomeExcludingInterest": -4000000,
    "operatingIncome": 1448000000,
    "totalOtherIncomeExpensesNet": -142000000,
    "incomeBeforeTax": 1306000000,
    "incomeTaxExpense": 472000000,
    "netIncomeFromContinuingOperations": 834000000,
    "netIncomeFromDiscontinuedOperations": 0,
    "otherAdjustmentsToNetIncome": 0,
    "netIncome": 834000000,
    "netIncomeDeductions": 0,
    "bottomLineNetIncome": 834000000,
    "eps": 0.51,
    "epsDiluted": 0.5,
    "weightedAverageShsOut": 1637000000,
    "weightedAverageShsOutDil": 1646000000
  },
  {
    "date": "2010-08-01",
    "symbol": "HD",
    "reportedCurrency": "USD",
    "cik": "0000354950",
    "filingDate": "2010-09-02",
    "acceptedDate": "2010-09-02 16:08:42",
    "fiscalYear": "2010",
    "period": "Q2",
    "revenue": 19410000000,
    "costOfRevenue": 12828000000,
    "grossProfit": 6582000000,
    "researchAndDevelopmentExpenses": 0,
    "generalAndAdministrativeExpenses": 4127000000,
    "sellingAndMarketingExpenses": 0,
    "sellingGeneralAndAdministrativeExpenses": 4127000000,
    "otherExpenses": 406000000,
    "operatingExpenses": 4533000000,
    "costAndExpenses": 17361000000,
    "netInterestIncome": -148000000,
    "interestIncome": 3000000,
    "interestExpense": 151000000,
    "depreciationAndAmortization": 455000000,
    "ebitda": 2507000000,
    "ebit": 2052000000,
    "nonOperatingIncomeExcludingInterest": -3000000,
    "operatingIncome": 2049000000,
    "totalOtherIncomeExpensesNet": -148000000,
    "incomeBeforeTax": 1901000000,
    "incomeTaxExpense": 709000000,
    "netIncomeFromContinuingOperations": 1192000000,
    "netIncomeFromDiscontinuedOperations": 0,
    "otherAdjustmentsToNetIncome": 0,
    "netIncome": 1192000000,
    "netIncomeDeductions": 0,
    "bottomLineNetIncome": 1192000000,
    "eps": 0.72,
    "epsDiluted": 0.72,
    "weightedAverageShsOut": 1653000000,
    "weightedAverageShsOutDil": 1663000000
  },
  {
    "date": "2010-05-02",
    "symbol": "HD",
    "reportedCurrency": "USD",
    "cik": "0000354950",
    "filingDate": "2010-06-03",
    "acceptedDate": "2010-06-03 16:22:40",
    "fiscalYear": "2010",
    "period": "Q1",
    "revenue": 16863000000,
    "costOfRevenue": 11069000000,
    "grossProfit": 5794000000,
    "researchAndDevelopmentExpenses": 0,
    "generalAndAdministrativeExpenses": 4078000000,
    "sellingAndMarketingExpenses": 0,
    "sellingGeneralAndAdministrativeExpenses": 4078000000,
    "otherExpenses": 411000000,
    "operatingExpenses": 4489000000,
    "costAndExpenses": 15558000000,
    "netInterestIncome": -138000000,
    "interestIncome": 4000000,
    "interestExpense": 142000000,
    "depreciationAndAmortization": 411000000,
    "ebitda": 1669000000,
    "ebit": 1258000000,
    "nonOperatingIncomeExcludingInterest": 47000000,
    "operatingIncome": 1305000000,
    "totalOtherIncomeExpensesNet": -189000000,
    "incomeBeforeTax": 1116000000,
    "incomeTaxExpense": 391000000,
    "netIncomeFromContinuingOperations": 725000000,
    "netIncomeFromDiscontinuedOperations": 0,
    "otherAdjustmentsToNetIncome": 0,
    "netIncome": 725000000,
    "netIncomeDeductions": 0,
    "bottomLineNetIncome": 725000000,
    "eps": 0.43,
    "epsDiluted": 0.43,
    "weightedAverageShsOut": 1677000000,
    "weightedAverageShsOutDil": 1688000000
  },
  {
    "date": "2010-01-31",
    "symbol": "HD",
    "reportedCurrency": "USD",
    "cik": "0000354950",
    "filingDate": "2010-03-25",
    "acceptedDate": "2010-03-25 16:38:52",
    "fiscalYear": "2009",
    "period": "Q4",
    "revenue": 14569000000,
    "costOfRevenue": 9556000000,
    "grossProfit": 5013000000,
    "researchAndDevelopmentExpenses": 0,
    "generalAndAdministrativeExpenses": 0,
    "sellingAndMarketingExpenses": -137000000,
    "sellingGeneralAndAdministrativeExpenses": 3869000000,
    "otherExpenses": 417000000,
    "operatingExpenses": 4286000000,
    "costAndExpenses": 13842000000,
    "netInterestIncome": -158000000,
    "interestIncome": 3000000,
    "interestExpense": 161000000,
    "depreciationAndAmortization": 442000000,
    "ebitda": 1009000000,
    "ebit": 567000000,
    "nonOperatingIncomeExcludingInterest": 160000000,
    "operatingIncome": 727000000,
    "totalOtherIncomeExpensesNet": -321000000,
    "incomeBeforeTax": 406000000,
    "incomeTaxExpense": 105000000,
    "netIncomeFromContinuingOperations": 301000000,
    "netIncomeFromDiscontinuedOperations": 0,
    "otherAdjustmentsToNetIncome": 41000000,
    "netIncome": 342000000,
    "netIncomeDeductions": 0,
    "bottomLineNetIncome": 342000000,
    "eps": 0.2,
    "epsDiluted": 0.2,
    "weightedAverageShsOut": 1680000000,
    "weightedAverageShsOutDil": 1693000000
  },
  {
    "date": "2009-11-01",
    "symbol": "HD",
    "reportedCurrency": "USD",
    "cik": "0000354950",
    "filingDate": "2009-12-03",
    "acceptedDate": "2009-12-03 16:12:13",
    "fiscalYear": "2009",
    "period": "Q3",
    "revenue": 16361000000,
    "costOfRevenue": 10800000000,
    "grossProfit": 5561000000,
    "researchAndDevelopmentExpenses": 0,
    "generalAndAdministrativeExpenses": 3870000000,
    "sellingAndMarketingExpenses": 0,
    "sellingGeneralAndAdministrativeExpenses": 3870000000,
    "otherExpenses": 428000000,
    "operatingExpenses": 4298000000,
    "costAndExpenses": 15098000000,
    "netInterestIncome": -164000000,
    "interestIncome": 4000000,
    "interestExpense": 168000000,
    "depreciationAndAmortization": 428000000,
    "ebitda": 1695000000,
    "ebit": 1267000000,
    "nonOperatingIncomeExcludingInterest": -4000000,
    "operatingIncome": 1263000000,
    "totalOtherIncomeExpensesNet": -164000000,
    "incomeBeforeTax": 1099000000,
    "incomeTaxExpense": 410000000,
    "netIncomeFromContinuingOperations": 689000000,
    "netIncomeFromDiscontinuedOperations": 0,
    "otherAdjustmentsToNetIncome": 0,
    "netIncome": 689000000,
    "netIncomeDeductions": 0,
    "bottomLineNetIncome": 689000000,
    "eps": 0.41,
    "epsDiluted": 0.41,
    "weightedAverageShsOut": 1682000000,
    "weightedAverageShsOutDil": 1693000000
  },
  {
    "date": "2009-08-02",
    "symbol": "HD",
    "reportedCurrency": "USD",
    "cik": "0000354950",
    "filingDate": "2009-09-03",
    "acceptedDate": "2009-09-03 16:24:54",
    "fiscalYear": "2009",
    "period": "Q2",
    "revenue": 19071000000,
    "costOfRevenue": 12683000000,
    "grossProfit": 6388000000,
    "researchAndDevelopmentExpenses": 0,
    "generalAndAdministrativeExpenses": 4101000000,
    "sellingAndMarketingExpenses": 20000000,
    "sellingGeneralAndAdministrativeExpenses": 4121000000,
    "otherExpenses": 434000000,
    "operatingExpenses": 4555000000,
    "costAndExpenses": 17238000000,
    "netInterestIncome": -161000000,
    "interestIncome": 6000000,
    "interestExpense": 167000000,
    "depreciationAndAmortization": 434000000,
    "ebitda": 2273000000,
    "ebit": 1839000000,
    "nonOperatingIncomeExcludingInterest": -6000000,
    "operatingIncome": 1833000000,
    "totalOtherIncomeExpensesNet": -161000000,
    "incomeBeforeTax": 1672000000,
    "incomeTaxExpense": 556000000,
    "netIncomeFromContinuingOperations": 1116000000,
    "netIncomeFromDiscontinuedOperations": 0,
    "otherAdjustmentsToNetIncome": 0,
    "netIncome": 1116000000,
    "netIncomeDeductions": 0,
    "bottomLineNetIncome": 1116000000,
    "eps": 0.66,
    "epsDiluted": 0.66,
    "weightedAverageShsOut": 1683000000,
    "weightedAverageShsOutDil": 1691000000
  },
  {
    "date": "2009-05-03",
    "symbol": "HD",
    "reportedCurrency": "USD",
    "cik": "0000354950",
    "filingDate": "2009-06-04",
    "acceptedDate": "2009-06-04 08:54:37",
    "fiscalYear": "2009",
    "period": "Q1",
    "revenue": 16175000000,
    "costOfRevenue": 10725000000,
    "grossProfit": 5450000000,
    "researchAndDevelopmentExpenses": 0,
    "generalAndAdministrativeExpenses": 3925000000,
    "sellingAndMarketingExpenses": 117000000,
    "sellingGeneralAndAdministrativeExpenses": 4042000000,
    "otherExpenses": 428000000,
    "operatingExpenses": 4470000000,
    "costAndExpenses": 15195000000,
    "netInterestIncome": -175000000,
    "interestIncome": 5000000,
    "interestExpense": 180000000,
    "depreciationAndAmortization": 453000000,
    "ebitda": 1438000000,
    "ebit": 985000000,
    "nonOperatingIncomeExcludingInterest": -5000000,
    "operatingIncome": 980000000,
    "totalOtherIncomeExpensesNet": -175000000,
    "incomeBeforeTax": 805000000,
    "incomeTaxExpense": 291000000,
    "netIncomeFromContinuingOperations": 514000000,
    "netIncomeFromDiscontinuedOperations": 0,
    "otherAdjustmentsToNetIncome": 0,
    "netIncome": 514000000,
    "netIncomeDeductions": 0,
    "bottomLineNetIncome": 514000000,
    "eps": 0.31,
    "epsDiluted": 0.3,
    "weightedAverageShsOut": 1683000000,
    "weightedAverageShsOutDil": 1689000000
  },
  {
    "date": "2009-01-31",
    "symbol": "HD",
    "reportedCurrency": "USD",
    "cik": "0000354950",
    "filingDate": "2009-04-02",
    "acceptedDate": "2009-04-02 16:12:35",
    "fiscalYear": "2008",
    "period": "Q4",
    "revenue": 14607000000,
    "costOfRevenue": 9647000000,
    "grossProfit": 4960000000,
    "researchAndDevelopmentExpenses": 0,
    "generalAndAdministrativeExpenses": 4251000000,
    "sellingAndMarketingExpenses": 0,
    "sellingGeneralAndAdministrativeExpenses": 4251000000,
    "otherExpenses": 443000000,
    "operatingExpenses": 4694000000,
    "costAndExpenses": 14341000000,
    "netInterestIncome": 0,
    "interestIncome": 0,
    "interestExpense": 0,
    "depreciationAndAmortization": 470000000,
    "ebitda": 591000000,
    "ebit": 121000000,
    "nonOperatingIncomeExcludingInterest": 145000000,
    "operatingIncome": 266000000,
    "totalOtherIncomeExpensesNet": -297000000,
    "incomeBeforeTax": -31000000,
    "incomeTaxExpense": -29000000,
    "netIncomeFromContinuingOperations": -2000000,
    "netIncomeFromDiscontinuedOperations": 0,
    "otherAdjustmentsToNetIncome": -52000000,
    "netIncome": -54000000,
    "netIncomeDeductions": 0,
    "bottomLineNetIncome": -54000000,
    "eps": -0.0321,
    "epsDiluted": -0.0321,
    "weightedAverageShsOut": 1681000000,
    "weightedAverageShsOutDil": 1681000000
  },
  {
    "date": "2008-11-02",
    "symbol": "HD",
    "reportedCurrency": "USD",
    "cik": "0000354950",
    "filingDate": "2008-12-04",
    "acceptedDate": "2008-12-04 16:21:47",
    "fiscalYear": "2008",
    "period": "Q3",
    "revenue": 17784000000,
    "costOfRevenue": 11790000000,
    "grossProfit": 5994000000,
    "researchAndDevelopmentExpenses": 0,
    "generalAndAdministrativeExpenses": 4225000000,
    "sellingAndMarketingExpenses": 0,
    "sellingGeneralAndAdministrativeExpenses": 4225000000,
    "otherExpenses": 446000000,
    "operatingExpenses": 4671000000,
    "costAndExpenses": 16461000000,
    "netInterestIncome": -157000000,
    "interestIncome": 0,
    "interestExpense": 157000000,
    "depreciationAndAmortization": 476000000,
    "ebitda": 1799000000,
    "ebit": 1323000000,
    "nonOperatingIncomeExcludingInterest": 0,
    "operatingIncome": 1323000000,
    "totalOtherIncomeExpensesNet": -151000000,
    "incomeBeforeTax": 1172000000,
    "incomeTaxExpense": 416000000,
    "netIncomeFromContinuingOperations": 756000000,
    "netIncomeFromDiscontinuedOperations": 0,
    "otherAdjustmentsToNetIncome": 0,
    "netIncome": 756000000,
    "netIncomeDeductions": 0,
    "bottomLineNetIncome": 756000000,
    "eps": 0.45,
    "epsDiluted": 0.45,
    "weightedAverageShsOut": 1681000000,
    "weightedAverageShsOutDil": 1687000000
  },
  {
    "date": "2008-08-03",
    "symbol": "HD",
    "reportedCurrency": "USD",
    "cik": "0000354950",
    "filingDate": "2008-09-04",
    "acceptedDate": "2008-09-04 16:07:54",
    "fiscalYear": "2008",
    "period": "Q2",
    "revenue": 20990000000,
    "costOfRevenue": 14026000000,
    "grossProfit": 6964000000,
    "researchAndDevelopmentExpenses": 0,
    "generalAndAdministrativeExpenses": 4470000000,
    "sellingAndMarketingExpenses": 0,
    "sellingGeneralAndAdministrativeExpenses": 4470000000,
    "otherExpenses": 452000000,
    "operatingExpenses": 4922000000,
    "costAndExpenses": 18948000000,
    "netInterestIncome": -161000000,
    "interestIncome": 0,
    "interestExpense": 161000000,
    "depreciationAndAmortization": 482000000,
    "ebitda": 2524000000,
    "ebit": 2042000000,
    "nonOperatingIncomeExcludingInterest": 0,
    "operatingIncome": 2042000000,
    "totalOtherIncomeExpensesNet": -157000000,
    "incomeBeforeTax": 1885000000,
    "incomeTaxExpense": 683000000,
    "netIncomeFromContinuingOperations": 1202000000,
    "netIncomeFromDiscontinuedOperations": 0,
    "otherAdjustmentsToNetIncome": 0,
    "netIncome": 1202000000,
    "netIncomeDeductions": 0,
    "bottomLineNetIncome": 1202000000,
    "eps": 0.71,
    "epsDiluted": 0.71,
    "weightedAverageShsOut": 1680000000,
    "weightedAverageShsOutDil": 1685000000
  },
  {
    "date": "2008-05-04",
    "symbol": "HD",
    "reportedCurrency": "USD",
    "cik": "0000354950",
    "filingDate": "2008-06-04",
    "acceptedDate": "2008-06-04 16:04:34",
    "fiscalYear": "2008",
    "period": "Q1",
    "revenue": 17907000000,
    "costOfRevenue": 11835000000,
    "grossProfit": 6072000000,
    "researchAndDevelopmentExpenses": 0,
    "generalAndAdministrativeExpenses": 4900000000,
    "sellingAndMarketingExpenses": 0,
    "sellingGeneralAndAdministrativeExpenses": 4900000000,
    "otherExpenses": 444000000,
    "operatingExpenses": 5344000000,
    "costAndExpenses": 17179000000,
    "netInterestIncome": -167000000,
    "interestIncome": 0,
    "interestExpense": 167000000,
    "depreciationAndAmortization": 474000000,
    "ebitda": 1202000000,
    "ebit": 728000000,
    "nonOperatingIncomeExcludingInterest": 0,
    "operatingIncome": 728000000,
    "totalOtherIncomeExpensesNet": -164000000,
    "incomeBeforeTax": 564000000,
    "incomeTaxExpense": 208000000,
    "netIncomeFromContinuingOperations": 356000000,
    "netIncomeFromDiscontinuedOperations": 0,
    "otherAdjustmentsToNetIncome": 0,
    "netIncome": 356000000,
    "netIncomeDeductions": 0,
    "bottomLineNetIncome": 356000000,
    "eps": 0.21,
    "epsDiluted": 0.21,
    "weightedAverageShsOut": 1679000000,
    "weightedAverageShsOutDil": 1683000000
  },
  {
    "date": "2008-01-31",
    "symbol": "HD",
    "reportedCurrency": "USD",
    "cik": "0000354950",
    "filingDate": "2008-04-03",
    "acceptedDate": "2008-04-03 16:36:42",
    "fiscalYear": "2007",
    "period": "Q4",
    "revenue": 17659000000,
    "costOfRevenue": 11605000000,
    "grossProfit": 6054000000,
    "researchAndDevelopmentExpenses": 0,
    "generalAndAdministrativeExpenses": 4353000000,
    "sellingAndMarketingExpenses": 0,
    "sellingGeneralAndAdministrativeExpenses": 4353000000,
    "otherExpenses": 452000000,
    "operatingExpenses": 4805000000,
    "costAndExpenses": 16410000000,
    "netInterestIncome": 0,
    "interestIncome": 0,
    "interestExpense": 0,
    "depreciationAndAmortization": 481000000,
    "ebitda": 1730000000,
    "ebit": 1249000000,
    "nonOperatingIncomeExcludingInterest": 0,
    "operatingIncome": 1249000000,
    "totalOtherIncomeExpensesNet": -192000000,
    "incomeBeforeTax": 1057000000,
    "incomeTaxExpense": 386000000,
    "netIncomeFromContinuingOperations": 671000000,
    "netIncomeFromDiscontinuedOperations": 0,
    "otherAdjustmentsToNetIncome": 0,
    "netIncome": 671000000,
    "netIncomeDeductions": 0,
    "bottomLineNetIncome": 671000000,
    "eps": 0.4,
    "epsDiluted": 0.4,
    "weightedAverageShsOut": 1666000000,
    "weightedAverageShsOutDil": 1680000000
  },
  {
    "date": "2007-10-28",
    "symbol": "HD",
    "reportedCurrency": "USD",
    "cik": "0000354950",
    "filingDate": "2007-11-28",
    "acceptedDate": "2007-11-28 16:32:36",
    "fiscalYear": "2007",
    "period": "Q3",
    "revenue": 18961000000,
    "costOfRevenue": 12622000000,
    "grossProfit": 6339000000,
    "researchAndDevelopmentExpenses": 0,
    "generalAndAdministrativeExpenses": 4144000000,
    "sellingAndMarketingExpenses": 0,
    "sellingGeneralAndAdministrativeExpenses": 4144000000,
    "otherExpenses": 431000000,
    "operatingExpenses": 4575000000,
    "costAndExpenses": 17197000000,
    "netInterestIncome": -134000000,
    "interestIncome": 20000000,
    "interestExpense": 154000000,
    "depreciationAndAmortization": 462000000,
    "ebitda": 2226000000,
    "ebit": 1764000000,
    "nonOperatingIncomeExcludingInterest": 0,
    "operatingIncome": 1764000000,
    "totalOtherIncomeExpensesNet": -125000000,
    "incomeBeforeTax": 1639000000,
    "incomeTaxExpense": 568000000,
    "netIncomeFromContinuingOperations": 1071000000,
    "netIncomeFromDiscontinuedOperations": 20000000,
    "otherAdjustmentsToNetIncome": 0,
    "netIncome": 1091000000,
    "netIncomeDeductions": 0,
    "bottomLineNetIncome": 1091000000,
    "eps": 0.6,
    "epsDiluted": 0.6,
    "weightedAverageShsOut": 1810000000,
    "weightedAverageShsOutDil": 1815000000
  },
  {
    "date": "2007-07-29",
    "symbol": "HD",
    "reportedCurrency": "USD",
    "cik": "0000354950",
    "filingDate": "2007-09-04",
    "acceptedDate": "2007-09-04 16:37:00",
    "fiscalYear": "2007",
    "period": "Q2",
    "revenue": 22184000000,
    "costOfRevenue": 14843000000,
    "grossProfit": 7341000000,
    "researchAndDevelopmentExpenses": 0,
    "generalAndAdministrativeExpenses": 4370000000,
    "sellingAndMarketingExpenses": 0,
    "sellingGeneralAndAdministrativeExpenses": 4370000000,
    "otherExpenses": 414000000,
    "operatingExpenses": 4784000000,
    "costAndExpenses": 19627000000,
    "netInterestIncome": 0,
    "interestIncome": 0,
    "interestExpense": 0,
    "depreciationAndAmortization": 478000000,
    "ebitda": 3035000000,
    "ebit": 2557000000,
    "nonOperatingIncomeExcludingInterest": 0,
    "operatingIncome": 2557000000,
    "totalOtherIncomeExpensesNet": -145000000,
    "incomeBeforeTax": 2412000000,
    "incomeTaxExpense": 891000000,
    "netIncomeFromContinuingOperations": 1521000000,
    "netIncomeFromDiscontinuedOperations": 66000000,
    "otherAdjustmentsToNetIncome": 0,
    "netIncome": 1587000000,
    "netIncomeDeductions": 0,
    "bottomLineNetIncome": 1587000000,
    "eps": 0.81,
    "epsDiluted": 0.81,
    "weightedAverageShsOut": 1960000000,
    "weightedAverageShsOutDil": 1969000000
  },
  {
    "date": "2007-04-29",
    "symbol": "HD",
    "reportedCurrency": "USD",
    "cik": "0000354950",
    "filingDate": "2007-06-06",
    "acceptedDate": "2007-06-06 17:21:01",
    "fiscalYear": "2007",
    "period": "Q1",
    "revenue": 18545000000,
    "costOfRevenue": 12282000000,
    "grossProfit": 6263000000,
    "researchAndDevelopmentExpenses": 0,
    "generalAndAdministrativeExpenses": 4186000000,
    "sellingAndMarketingExpenses": 621000000,
    "sellingGeneralAndAdministrativeExpenses": 4807000000,
    "otherExpenses": -216000000,
    "operatingExpenses": 4591000000,
    "costAndExpenses": 16873000000,
    "netInterestIncome": -172000000,
    "interestIncome": 0,
    "interestExpense": 172000000,
    "depreciationAndAmortization": 485000000,
    "ebitda": 2157000000,
    "ebit": 1672000000,
    "nonOperatingIncomeExcludingInterest": 0,
    "operatingIncome": 1672000000,
    "totalOtherIncomeExpensesNet": -160000000,
    "incomeBeforeTax": 1512000000,
    "incomeTaxExpense": 565000000,
    "netIncomeFromContinuingOperations": 947000000,
    "netIncomeFromDiscontinuedOperations": 99000000,
    "otherAdjustmentsToNetIncome": 0,
    "netIncome": 1046000000,
    "netIncomeDeductions": 0,
    "bottomLineNetIncome": 1046000000,
    "eps": 0.53,
    "epsDiluted": 0.53,
    "weightedAverageShsOut": 1959000000,
    "weightedAverageShsOutDil": 1969000000
  },
  {
    "date": "2007-01-31",
    "symbol": "HD",
    "reportedCurrency": "USD",
    "cik": "0000354950",
    "filingDate": "2007-03-29",
    "acceptedDate": "2007-03-29 17:08:40",
    "fiscalYear": "2006",
    "period": "Q4",
    "revenue": 20265000000,
    "costOfRevenue": 13627000000,
    "grossProfit": 6638000000,
    "researchAndDevelopmentExpenses": 0,
    "generalAndAdministrativeExpenses": 4000000000,
    "sellingAndMarketingExpenses": 594000000,
    "sellingGeneralAndAdministrativeExpenses": 4594000000,
    "otherExpenses": 442000000,
    "operatingExpenses": 5036000000,
    "costAndExpenses": 18663000000,
    "netInterestIncome": -119000000,
    "interestIncome": 4000000,
    "interestExpense": 123000000,
    "depreciationAndAmortization": 462000000,
    "ebitda": 2064000000,
    "ebit": 1602000000,
    "nonOperatingIncomeExcludingInterest": 0,
    "operatingIncome": 1602000000,
    "totalOtherIncomeExpensesNet": -123000000,
    "incomeBeforeTax": 1479000000,
    "incomeTaxExpense": 554000000,
    "netIncomeFromContinuingOperations": 925000000,
    "netIncomeFromDiscontinuedOperations": 0,
    "otherAdjustmentsToNetIncome": 0,
    "netIncome": 925000000,
    "netIncomeDeductions": 0,
    "bottomLineNetIncome": 925000000,
    "eps": 0.46,
    "epsDiluted": 0.46,
    "weightedAverageShsOut": 1994000000,
    "weightedAverageShsOutDil": 2004000000
  },
  {
    "date": "2006-10-29",
    "symbol": "HD",
    "reportedCurrency": "USD",
    "cik": "0000354950",
    "filingDate": "2006-12-06",
    "acceptedDate": "2006-12-06 16:37:36",
    "fiscalYear": "2006",
    "period": "Q3",
    "revenue": 14704000000,
    "costOfRevenue": 11054000000,
    "grossProfit": 3650000000,
    "researchAndDevelopmentExpenses": 0,
    "generalAndAdministrativeExpenses": 3981000000,
    "sellingAndMarketingExpenses": 632000000,
    "sellingGeneralAndAdministrativeExpenses": 4613000000,
    "otherExpenses": -2890000000,
    "operatingExpenses": 1723000000,
    "costAndExpenses": 12777000000,
    "netInterestIncome": -86000000,
    "interestIncome": 6000000,
    "interestExpense": 92000000,
    "depreciationAndAmortization": 492000000,
    "ebitda": 2714000000,
    "ebit": 1927000000,
    "nonOperatingIncomeExcludingInterest": 0,
    "operatingIncome": 1927000000,
    "totalOtherIncomeExpensesNet": -91000000,
    "incomeBeforeTax": 1836000000,
    "incomeTaxExpense": 680000000,
    "netIncomeFromContinuingOperations": 1156000000,
    "netIncomeFromDiscontinuedOperations": 157000000,
    "otherAdjustmentsToNetIncome": 0,
    "netIncome": 1490000000,
    "netIncomeDeductions": 0,
    "bottomLineNetIncome": 1490000000,
    "eps": 0.73,
    "epsDiluted": 0.73,
    "weightedAverageShsOut": 2043000000,
    "weightedAverageShsOutDil": 2050000000
  },
  {
    "date": "2006-07-30",
    "symbol": "HD",
    "reportedCurrency": "USD",
    "cik": "0000354950",
    "filingDate": "2006-09-06",
    "acceptedDate": "2006-09-06 16:38:47",
    "fiscalYear": "2006",
    "period": "Q2",
    "revenue": 22592000000,
    "costOfRevenue": 15136000000,
    "grossProfit": 7456000000,
    "researchAndDevelopmentExpenses": 0,
    "generalAndAdministrativeExpenses": 4146000000,
    "sellingAndMarketingExpenses": 0,
    "sellingGeneralAndAdministrativeExpenses": 4146000000,
    "otherExpenses": 395000000,
    "operatingExpenses": 4541000000,
    "costAndExpenses": 19677000000,
    "netInterestIncome": -92000000,
    "interestIncome": 6000000,
    "interestExpense": 98000000,
    "depreciationAndAmortization": 482000000,
    "ebitda": 3397000000,
    "ebit": 2915000000,
    "nonOperatingIncomeExcludingInterest": 0,
    "operatingIncome": 2915000000,
    "totalOtherIncomeExpensesNet": -98000000,
    "incomeBeforeTax": 2817000000,
    "incomeTaxExpense": 1116000000,
    "netIncomeFromContinuingOperations": 1701000000,
    "netIncomeFromDiscontinuedOperations": 161000000,
    "otherAdjustmentsToNetIncome": 0,
    "netIncome": 1862000000,
    "netIncomeDeductions": 0,
    "bottomLineNetIncome": 1862000000,
    "eps": 0.9,
    "epsDiluted": 0.9,
    "weightedAverageShsOut": 2065000000,
    "weightedAverageShsOutDil": 2072000000
  },
  {
    "date": "2006-04-30",
    "symbol": "HD",
    "reportedCurrency": "USD",
    "cik": "0000354950",
    "filingDate": "2006-06-01",
    "acceptedDate": "2006-06-01 16:31:35",
    "fiscalYear": "2006",
    "period": "Q1",
    "revenue": 21461000000,
    "costOfRevenue": 14233000000,
    "grossProfit": 7228000000,
    "researchAndDevelopmentExpenses": 0,
    "generalAndAdministrativeExpenses": 0,
    "sellingAndMarketingExpenses": 0,
    "sellingGeneralAndAdministrativeExpenses": 4386000000,
    "otherExpenses": 420000000,
    "operatingExpenses": 4806000000,
    "costAndExpenses": 19039000000,
    "netInterestIncome": -41000000,
    "interestIncome": 11000000,
    "interestExpense": 52000000,
    "depreciationAndAmortization": 450000000,
    "ebitda": 2872000000,
    "ebit": 2422000000,
    "nonOperatingIncomeExcludingInterest": 0,
    "operatingIncome": 2422000000,
    "totalOtherIncomeExpensesNet": -52000000,
    "incomeBeforeTax": 2370000000,
    "incomeTaxExpense": 886000000,
    "netIncomeFromContinuingOperations": 1484000000,
    "netIncomeFromDiscontinuedOperations": 0,
    "otherAdjustmentsToNetIncome": 0,
    "netIncome": 1484000000,
    "netIncomeDeductions": 0,
    "bottomLineNetIncome": 1484000000,
    "eps": 0.7,
    "epsDiluted": 0.7,
    "weightedAverageShsOut": 2114000000,
    "weightedAverageShsOutDil": 2122000000
  },
  {
    "date": "2006-01-31",
    "symbol": "HD",
    "reportedCurrency": "USD",
    "cik": "0000354950",
    "filingDate": "2006-03-29",
    "acceptedDate": "2006-03-29 17:08:36",
    "fiscalYear": "2005",
    "period": "Q4",
    "revenue": 19489000000,
    "costOfRevenue": 12896000000,
    "grossProfit": 6593000000,
    "researchAndDevelopmentExpenses": 0,
    "generalAndAdministrativeExpenses": 4132000000,
    "sellingAndMarketingExpenses": -9000000,
    "sellingGeneralAndAdministrativeExpenses": 4123000000,
    "otherExpenses": 422000000,
    "operatingExpenses": 4545000000,
    "costAndExpenses": 17441000000,
    "netInterestIncome": 4000000,
    "interestIncome": 31000000,
    "interestExpense": 27000000,
    "depreciationAndAmortization": 445000000,
    "ebitda": 2555000000,
    "ebit": 2048000000,
    "nonOperatingIncomeExcludingInterest": 0,
    "operatingIncome": 2048000000,
    "totalOtherIncomeExpensesNet": -27000000,
    "incomeBeforeTax": 2021000000,
    "incomeTaxExpense": 736000000,
    "netIncomeFromContinuingOperations": 1285000000,
    "netIncomeFromDiscontinuedOperations": 0,
    "otherAdjustmentsToNetIncome": 0,
    "netIncome": 1285000000,
    "netIncomeDeductions": 0,
    "bottomLineNetIncome": 1285000000,
    "eps": 0.6,
    "epsDiluted": 0.6,
    "weightedAverageShsOut": 2117000000,
    "weightedAverageShsOutDil": 2128000000
  },
  {
    "date": "2005-10-30",
    "symbol": "HD",
    "reportedCurrency": "USD",
    "cik": "0000354950",
    "filingDate": "2005-12-01",
    "acceptedDate": "2005-12-01 16:22:38",
    "fiscalYear": "2005",
    "period": "Q3",
    "revenue": 20744000000,
    "costOfRevenue": 13781000000,
    "grossProfit": 6963000000,
    "researchAndDevelopmentExpenses": 0,
    "generalAndAdministrativeExpenses": 4119000000,
    "sellingAndMarketingExpenses": 5000000,
    "sellingGeneralAndAdministrativeExpenses": 4124000000,
    "otherExpenses": 366000000,
    "operatingExpenses": 4490000000,
    "costAndExpenses": 18271000000,
    "netInterestIncome": -4000000,
    "interestIncome": 17000000,
    "interestExpense": 21000000,
    "depreciationAndAmortization": 405000000,
    "ebitda": 2878000000,
    "ebit": 2473000000,
    "nonOperatingIncomeExcludingInterest": 0,
    "operatingIncome": 2473000000,
    "totalOtherIncomeExpensesNet": -21000000,
    "incomeBeforeTax": 2452000000,
    "incomeTaxExpense": 914000000,
    "netIncomeFromContinuingOperations": 1538000000,
    "netIncomeFromDiscontinuedOperations": 0,
    "otherAdjustmentsToNetIncome": 0,
    "netIncome": 1538000000,
    "netIncomeDeductions": 0,
    "bottomLineNetIncome": 1538000000,
    "eps": 0.72,
    "epsDiluted": 0.72,
    "weightedAverageShsOut": 2130000000,
    "weightedAverageShsOutDil": 2138000000
  },
  {
    "date": "2005-07-31",
    "symbol": "HD",
    "reportedCurrency": "USD",
    "cik": "0000354950",
    "filingDate": "2005-09-01",
    "acceptedDate": "2005-09-01 16:09:33",
    "fiscalYear": "2005",
    "period": "Q2",
    "revenue": 22305000000,
    "costOfRevenue": 14896000000,
    "grossProfit": 7409000000,
    "researchAndDevelopmentExpenses": 0,
    "generalAndAdministrativeExpenses": 0,
    "sellingAndMarketingExpenses": 0,
    "sellingGeneralAndAdministrativeExpenses": 4219000000,
    "otherExpenses": 347000000,
    "operatingExpenses": 4566000000,
    "costAndExpenses": 19462000000,
    "netInterestIncome": -20000000,
    "interestIncome": 0,
    "interestExpense": 20000000,
    "depreciationAndAmortization": 368000000,
    "ebitda": 3211000000,
    "ebit": 2843000000,
    "nonOperatingIncomeExcludingInterest": 0,
    "operatingIncome": 2843000000,
    "totalOtherIncomeExpensesNet": -20000000,
    "incomeBeforeTax": 2823000000,
    "incomeTaxExpense": 1055000000,
    "netIncomeFromContinuingOperations": 1768000000,
    "netIncomeFromDiscontinuedOperations": 0,
    "otherAdjustmentsToNetIncome": 0,
    "netIncome": 1768000000,
    "netIncomeDeductions": 0,
    "bottomLineNetIncome": 1768000000,
    "eps": 0.83,
    "epsDiluted": 0.82,
    "weightedAverageShsOut": 2140000000,
    "weightedAverageShsOutDil": 2150000000
  },
  {
    "date": "2005-05-01",
    "symbol": "HD",
    "reportedCurrency": "USD",
    "cik": "0000354950",
    "filingDate": "2005-06-02",
    "acceptedDate": "2005-06-02 16:34:06",
    "fiscalYear": "2005",
    "period": "Q1",
    "revenue": 18973000000,
    "costOfRevenue": 12618000000,
    "grossProfit": 6355000000,
    "researchAndDevelopmentExpenses": 0,
    "generalAndAdministrativeExpenses": 4017000000,
    "sellingAndMarketingExpenses": 2000000,
    "sellingGeneralAndAdministrativeExpenses": 4019000000,
    "otherExpenses": 337000000,
    "operatingExpenses": 4356000000,
    "costAndExpenses": 16974000000,
    "netInterestIncome": 1000000,
    "interestIncome": 14000000,
    "interestExpense": 13000000,
    "depreciationAndAmortization": 361000000,
    "ebitda": 2360000000,
    "ebit": 1999000000,
    "nonOperatingIncomeExcludingInterest": 0,
    "operatingIncome": 1999000000,
    "totalOtherIncomeExpensesNet": -13000000,
    "incomeBeforeTax": 1986000000,
    "incomeTaxExpense": 739000000,
    "netIncomeFromContinuingOperations": 1247000000,
    "netIncomeFromDiscontinuedOperations": 0,
    "otherAdjustmentsToNetIncome": 0,
    "netIncome": 1247000000,
    "netIncomeDeductions": 0,
    "bottomLineNetIncome": 1247000000,
    "eps": 0.58,
    "epsDiluted": 0.57,
    "weightedAverageShsOut": 2162000000,
    "weightedAverageShsOutDil": 2172000000
  },
  {
    "date": "2005-01-31",
    "symbol": "HD",
    "reportedCurrency": "USD",
    "cik": "0000354950",
    "filingDate": "2005-04-11",
    "acceptedDate": "2005-04-11 15:11:28",
    "fiscalYear": "2004",
    "period": "Q4",
    "revenue": 16812000000,
    "costOfRevenue": 11063000000,
    "grossProfit": 5749000000,
    "researchAndDevelopmentExpenses": 0,
    "generalAndAdministrativeExpenses": -2743000000,
    "sellingAndMarketingExpenses": 7425000000,
    "sellingGeneralAndAdministrativeExpenses": 4682000000,
    "otherExpenses": -600000000,
    "operatingExpenses": 4082000000,
    "costAndExpenses": 15145000000,
    "netInterestIncome": 0,
    "interestIncome": 0,
    "interestExpense": 11000000,
    "depreciationAndAmortization": 348000000,
    "ebitda": 2015000000,
    "ebit": 1667000000,
    "nonOperatingIncomeExcludingInterest": 0,
    "operatingIncome": 1667000000,
    "totalOtherIncomeExpensesNet": -11000000,
    "incomeBeforeTax": 1656000000,
    "incomeTaxExpense": 615000000,
    "netIncomeFromContinuingOperations": 1041000000,
    "netIncomeFromDiscontinuedOperations": 0,
    "otherAdjustmentsToNetIncome": 0,
    "netIncome": 1041000000,
    "netIncomeDeductions": 0,
    "bottomLineNetIncome": 1041000000,
    "eps": 0.48,
    "epsDiluted": 0.47,
    "weightedAverageShsOut": 2189000000,
    "weightedAverageShsOutDil": 2201000000
  },
  {
    "date": "2004-10-31",
    "symbol": "HD",
    "reportedCurrency": "USD",
    "cik": "0000354950",
    "filingDate": "2004-12-02",
    "acceptedDate": "2004-12-02 15:17:48",
    "fiscalYear": "2004",
    "period": "Q3",
    "revenue": 18772000000,
    "costOfRevenue": 12520000000,
    "grossProfit": 6252000000,
    "researchAndDevelopmentExpenses": 0,
    "generalAndAdministrativeExpenses": 370000000,
    "sellingAndMarketingExpenses": 3826000000,
    "sellingGeneralAndAdministrativeExpenses": 4196000000,
    "otherExpenses": 0,
    "operatingExpenses": 4196000000,
    "costAndExpenses": 16716000000,
    "netInterestIncome": 0,
    "interestIncome": 0,
    "interestExpense": 0,
    "depreciationAndAmortization": 335000000,
    "ebitda": 2391000000,
    "ebit": 2056000000,
    "nonOperatingIncomeExcludingInterest": 0,
    "operatingIncome": 2056000000,
    "totalOtherIncomeExpensesNet": 4000000,
    "incomeBeforeTax": 2060000000,
    "incomeTaxExpense": 743000000,
    "netIncomeFromContinuingOperations": 1317000000,
    "netIncomeFromDiscontinuedOperations": 0,
    "otherAdjustmentsToNetIncome": 0,
    "netIncome": 1317000000,
    "netIncomeDeductions": 0,
    "bottomLineNetIncome": 1317000000,
    "eps": 0.6,
    "epsDiluted": 0.6,
    "weightedAverageShsOut": 2191000000,
    "weightedAverageShsOutDil": 2199000000
  },
  {
    "date": "2004-08-01",
    "symbol": "HD",
    "reportedCurrency": "USD",
    "cik": "0000354950",
    "filingDate": "2004-09-02",
    "acceptedDate": "2004-09-02 16:41:07",
    "fiscalYear": "2004",
    "period": "Q2",
    "revenue": 19960000000,
    "costOfRevenue": 13299000000,
    "grossProfit": 6661000000,
    "researchAndDevelopmentExpenses": 0,
    "generalAndAdministrativeExpenses": 3771000000,
    "sellingAndMarketingExpenses": 128000000,
    "sellingGeneralAndAdministrativeExpenses": 3899000000,
    "otherExpenses": 305000000,
    "operatingExpenses": 4204000000,
    "costAndExpenses": 17503000000,
    "netInterestIncome": 11000000,
    "interestIncome": 14000000,
    "interestExpense": 3000000,
    "depreciationAndAmortization": 324000000,
    "ebitda": 2781000000,
    "ebit": 2457000000,
    "nonOperatingIncomeExcludingInterest": 0,
    "operatingIncome": 2457000000,
    "totalOtherIncomeExpensesNet": -3000000,
    "incomeBeforeTax": 2454000000,
    "incomeTaxExpense": 909000000,
    "netIncomeFromContinuingOperations": 1545000000,
    "netIncomeFromDiscontinuedOperations": 0,
    "otherAdjustmentsToNetIncome": 0,
    "netIncome": 1545000000,
    "netIncomeDeductions": 0,
    "bottomLineNetIncome": 1545000000,
    "eps": 0.7,
    "epsDiluted": 0.7,
    "weightedAverageShsOut": 2207000000,
    "weightedAverageShsOutDil": 2214000000
  },
  {
    "date": "2004-05-02",
    "symbol": "HD",
    "reportedCurrency": "USD",
    "cik": "0000354950",
    "filingDate": "2004-06-04",
    "acceptedDate": "2004-06-04 16:26:36",
    "fiscalYear": "2004",
    "period": "Q1",
    "revenue": 17550000000,
    "costOfRevenue": 11782000000,
    "grossProfit": 5768000000,
    "researchAndDevelopmentExpenses": 0,
    "generalAndAdministrativeExpenses": 1000000,
    "sellingAndMarketingExpenses": 3726000000,
    "sellingGeneralAndAdministrativeExpenses": 3727000000,
    "otherExpenses": 295000000,
    "operatingExpenses": 4022000000,
    "costAndExpenses": 15804000000,
    "netInterestIncome": 6000000,
    "interestIncome": 10000000,
    "interestExpense": 4000000,
    "depreciationAndAmortization": 312000000,
    "ebitda": 2058000000,
    "ebit": 1746000000,
    "nonOperatingIncomeExcludingInterest": 0,
    "operatingIncome": 1746000000,
    "totalOtherIncomeExpensesNet": -4000000,
    "incomeBeforeTax": 1742000000,
    "incomeTaxExpense": 644000000,
    "netIncomeFromContinuingOperations": 1098000000,
    "netIncomeFromDiscontinuedOperations": 0,
    "otherAdjustmentsToNetIncome": 0,
    "netIncome": 1098000000,
    "netIncomeDeductions": 0,
    "bottomLineNetIncome": 1098000000,
    "eps": 0.49,
    "epsDiluted": 0.49,
    "weightedAverageShsOut": 2242000000,
    "weightedAverageShsOutDil": 2250000000
  },
  {
    "date": "2004-01-31",
    "symbol": "HD",
    "reportedCurrency": "USD",
    "cik": "0000354950",
    "filingDate": "2004-04-12",
    "acceptedDate": "2004-04-12 16:22:26",
    "fiscalYear": "2003",
    "period": "Q4",
    "revenue": 15125000000,
    "costOfRevenue": 10172000000,
    "grossProfit": 4953000000,
    "researchAndDevelopmentExpenses": 0,
    "generalAndAdministrativeExpenses": -5986000000,
    "sellingAndMarketingExpenses": 9430000000,
    "sellingGeneralAndAdministrativeExpenses": 3444000000,
    "otherExpenses": 0,
    "operatingExpenses": 3444000000,
    "costAndExpenses": 13616000000,
    "netInterestIncome": 0,
    "interestIncome": 0,
    "interestExpense": 0,
    "depreciationAndAmortization": 290000000,
    "ebitda": 1799000000,
    "ebit": 1509000000,
    "nonOperatingIncomeExcludingInterest": 0,
    "operatingIncome": 1509000000,
    "totalOtherIncomeExpensesNet": 4000000,
    "incomeBeforeTax": 1513000000,
    "incomeTaxExpense": 562000000,
    "netIncomeFromContinuingOperations": 951000000,
    "netIncomeFromDiscontinuedOperations": 0,
    "otherAdjustmentsToNetIncome": 0,
    "netIncome": 951000000,
    "netIncomeDeductions": 0,
    "bottomLineNetIncome": 951000000,
    "eps": 0.42,
    "epsDiluted": 0.42,
    "weightedAverageShsOut": 2265000000,
    "weightedAverageShsOutDil": 2270000000
  },
  {
    "date": "2003-11-02",
    "symbol": "HD",
    "reportedCurrency": "USD",
    "cik": "0000354950",
    "filingDate": "2003-12-04",
    "acceptedDate": "2003-12-04 16:30:14",
    "fiscalYear": "2003",
    "period": "Q3",
    "revenue": 16598000000,
    "costOfRevenue": 11405000000,
    "grossProfit": 5193000000,
    "researchAndDevelopmentExpenses": 0,
    "generalAndAdministrativeExpenses": 298000000,
    "sellingAndMarketingExpenses": 3072000000,
    "sellingGeneralAndAdministrativeExpenses": 3370000000,
    "otherExpenses": 0,
    "operatingExpenses": 3370000000,
    "costAndExpenses": 14775000000,
    "netInterestIncome": 0,
    "interestIncome": 0,
    "interestExpense": 0,
    "depreciationAndAmortization": 281000000,
    "ebitda": 2104000000,
    "ebit": 1823000000,
    "nonOperatingIncomeExcludingInterest": 0,
    "operatingIncome": 1823000000,
    "totalOtherIncomeExpensesNet": 0,
    "incomeBeforeTax": 1823000000,
    "incomeTaxExpense": 676000000,
    "netIncomeFromContinuingOperations": 1147000000,
    "netIncomeFromDiscontinuedOperations": 0,
    "otherAdjustmentsToNetIncome": 0,
    "netIncome": 1147000000,
    "netIncomeDeductions": 0,
    "bottomLineNetIncome": 1147000000,
    "eps": 0.5,
    "epsDiluted": 0.5,
    "weightedAverageShsOut": 2280000000,
    "weightedAverageShsOutDil": 2287000000
  },
  {
    "date": "2003-08-03",
    "symbol": "HD",
    "reportedCurrency": "USD",
    "cik": "0000354950",
    "filingDate": "2003-09-05",
    "acceptedDate": "2003-09-05 08:41:06",
    "fiscalYear": "2003",
    "period": "Q2",
    "revenue": 17989000000,
    "costOfRevenue": 12384000000,
    "grossProfit": 5605000000,
    "researchAndDevelopmentExpenses": 0,
    "generalAndAdministrativeExpenses": 6634000000,
    "sellingAndMarketingExpenses": -3095000000,
    "sellingGeneralAndAdministrativeExpenses": 3539000000,
    "otherExpenses": 0,
    "operatingExpenses": 3539000000,
    "costAndExpenses": 15923000000,
    "netInterestIncome": 14000000,
    "interestIncome": 15000000,
    "interestExpense": 1000000,
    "depreciationAndAmortization": 257000000,
    "ebitda": 2323000000,
    "ebit": 2066000000,
    "nonOperatingIncomeExcludingInterest": 0,
    "operatingIncome": 2066000000,
    "totalOtherIncomeExpensesNet": -1000000,
    "incomeBeforeTax": 2065000000,
    "incomeTaxExpense": 766000000,
    "netIncomeFromContinuingOperations": 1299000000,
    "netIncomeFromDiscontinuedOperations": 0,
    "otherAdjustmentsToNetIncome": 0,
    "netIncome": 1299000000,
    "netIncomeDeductions": 0,
    "bottomLineNetIncome": 1299000000,
    "eps": 0.57,
    "epsDiluted": 0.56,
    "weightedAverageShsOut": 2295000000,
    "weightedAverageShsOutDil": 2302000000
  },
  {
    "date": "2003-05-04",
    "symbol": "HD",
    "reportedCurrency": "USD",
    "cik": "0000354950",
    "filingDate": "2003-06-06",
    "acceptedDate": "2003-06-06 17:08:54",
    "fiscalYear": "2003",
    "period": "Q1",
    "revenue": 15104000000,
    "costOfRevenue": 10275000000,
    "grossProfit": 4829000000,
    "researchAndDevelopmentExpenses": 0,
    "generalAndAdministrativeExpenses": 286000000,
    "sellingAndMarketingExpenses": 3095000000,
    "sellingGeneralAndAdministrativeExpenses": 3381000000,
    "otherExpenses": 0,
    "operatingExpenses": 3381000000,
    "costAndExpenses": 13656000000,
    "netInterestIncome": 6000000,
    "interestIncome": 12000000,
    "interestExpense": 6000000,
    "depreciationAndAmortization": 248000000,
    "ebitda": 1696000000,
    "ebit": 1448000000,
    "nonOperatingIncomeExcludingInterest": 0,
    "operatingIncome": 1448000000,
    "totalOtherIncomeExpensesNet": -6000000,
    "incomeBeforeTax": 1442000000,
    "incomeTaxExpense": 535000000,
    "netIncomeFromContinuingOperations": 907000000,
    "netIncomeFromDiscontinuedOperations": 0,
    "otherAdjustmentsToNetIncome": 0,
    "netIncome": 907000000,
    "netIncomeDeductions": 0,
    "bottomLineNetIncome": 907000000,
    "eps": 0.4,
    "epsDiluted": 0.39,
    "weightedAverageShsOut": 2292000000,
    "weightedAverageShsOutDil": 2297000000
  },
  {
    "date": "2003-01-31",
    "symbol": "HD",
    "reportedCurrency": "USD",
    "cik": "0000354950",
    "filingDate": "2003-04-21",
    "acceptedDate": "2003-04-18 19:57:26",
    "fiscalYear": "2002",
    "period": "Q4",
    "revenue": 13213000000,
    "costOfRevenue": 8991000000,
    "grossProfit": 4222000000,
    "researchAndDevelopmentExpenses": 0,
    "generalAndAdministrativeExpenses": 3127000000,
    "sellingAndMarketingExpenses": 0,
    "sellingGeneralAndAdministrativeExpenses": 3127000000,
    "otherExpenses": 0,
    "operatingExpenses": 3127000000,
    "costAndExpenses": 12118000000,
    "netInterestIncome": 0,
    "interestIncome": 0,
    "interestExpense": 0,
    "depreciationAndAmortization": 238000000,
    "ebitda": 1333000000,
    "ebit": 1095000000,
    "nonOperatingIncomeExcludingInterest": 0,
    "operatingIncome": 1095000000,
    "totalOtherIncomeExpensesNet": 4000000,
    "incomeBeforeTax": 1099000000,
    "incomeTaxExpense": 413000000,
    "netIncomeFromContinuingOperations": 686000000,
    "netIncomeFromDiscontinuedOperations": 0,
    "otherAdjustmentsToNetIncome": 0,
    "netIncome": 686000000,
    "netIncomeDeductions": 0,
    "bottomLineNetIncome": 686000000,
    "eps": 0.3,
    "epsDiluted": 0.3,
    "weightedAverageShsOut": 2303000000,
    "weightedAverageShsOutDil": 2309000000
  },
  {
    "date": "2002-11-03",
    "symbol": "HD",
    "reportedCurrency": "USD",
    "cik": "0000354950",
    "filingDate": "2002-12-05",
    "acceptedDate": "2002-12-05 17:12:30",
    "fiscalYear": "2002",
    "period": "Q3",
    "revenue": 14475000000,
    "costOfRevenue": 9895000000,
    "grossProfit": 4580000000,
    "researchAndDevelopmentExpenses": 0,
    "generalAndAdministrativeExpenses": 271000000,
    "sellingAndMarketingExpenses": 2813000000,
    "sellingGeneralAndAdministrativeExpenses": 3084000000,
    "otherExpenses": 0,
    "operatingExpenses": 3084000000,
    "costAndExpenses": 12979000000,
    "netInterestIncome": 0,
    "interestIncome": 0,
    "interestExpense": 0,
    "depreciationAndAmortization": 231000000,
    "ebitda": 1727000000,
    "ebit": 1496000000,
    "nonOperatingIncomeExcludingInterest": 0,
    "operatingIncome": 1496000000,
    "totalOtherIncomeExpensesNet": 11000000,
    "incomeBeforeTax": 1507000000,
    "incomeTaxExpense": 567000000,
    "netIncomeFromContinuingOperations": 940000000,
    "netIncomeFromDiscontinuedOperations": 0,
    "otherAdjustmentsToNetIncome": 0,
    "netIncome": 940000000,
    "netIncomeDeductions": 0,
    "bottomLineNetIncome": 940000000,
    "eps": 0.4,
    "epsDiluted": 0.4,
    "weightedAverageShsOut": 2337000000,
    "weightedAverageShsOutDil": 2343000000
  },
  {
    "date": "2002-08-04",
    "symbol": "HD",
    "reportedCurrency": "USD",
    "cik": "0000354950",
    "filingDate": "2002-08-26",
    "acceptedDate": "2002-08-26 16:35:48",
    "fiscalYear": "2002",
    "period": "Q2",
    "revenue": 16277000000,
    "costOfRevenue": 11331000000,
    "grossProfit": 4946000000,
    "researchAndDevelopmentExpenses": 0,
    "generalAndAdministrativeExpenses": 259000000,
    "sellingAndMarketingExpenses": 2810000000,
    "sellingGeneralAndAdministrativeExpenses": 3069000000,
    "otherExpenses": 0,
    "operatingExpenses": 3069000000,
    "costAndExpenses": 14400000000,
    "netInterestIncome": 0,
    "interestIncome": 0,
    "interestExpense": 0,
    "depreciationAndAmortization": 225000000,
    "ebitda": 2102000000,
    "ebit": 1877000000,
    "nonOperatingIncomeExcludingInterest": 0,
    "operatingIncome": 1877000000,
    "totalOtherIncomeExpensesNet": 17000000,
    "incomeBeforeTax": 1894000000,
    "incomeTaxExpense": 712000000,
    "netIncomeFromContinuingOperations": 1182000000,
    "netIncomeFromDiscontinuedOperations": 0,
    "otherAdjustmentsToNetIncome": 0,
    "netIncome": 1182000000,
    "netIncomeDeductions": 0,
    "bottomLineNetIncome": 1182000000,
    "eps": 0.5,
    "epsDiluted": 0.5,
    "weightedAverageShsOut": 2354000000,
    "weightedAverageShsOutDil": 2363000000
  },
  {
    "date": "2002-05-05",
    "symbol": "HD",
    "reportedCurrency": "USD",
    "cik": "0000354950",
    "filingDate": "2002-06-04",
    "acceptedDate": "2002-06-04 10:54:12",
    "fiscalYear": "2002",
    "period": "Q1",
    "revenue": 14282000000,
    "costOfRevenue": 9922000000,
    "grossProfit": 4360000000,
    "researchAndDevelopmentExpenses": 0,
    "generalAndAdministrativeExpenses": 253000000,
    "sellingAndMarketingExpenses": 2745000000,
    "sellingGeneralAndAdministrativeExpenses": 2998000000,
    "otherExpenses": 0,
    "operatingExpenses": 2998000000,
    "costAndExpenses": 12920000000,
    "netInterestIncome": 0,
    "interestIncome": 0,
    "interestExpense": 0,
    "depreciationAndAmortization": 209000000,
    "ebitda": 1571000000,
    "ebit": 1362000000,
    "nonOperatingIncomeExcludingInterest": 0,
    "operatingIncome": 1362000000,
    "totalOtherIncomeExpensesNet": 10000000,
    "incomeBeforeTax": 1372000000,
    "incomeTaxExpense": 516000000,
    "netIncomeFromContinuingOperations": 856000000,
    "netIncomeFromDiscontinuedOperations": 0,
    "otherAdjustmentsToNetIncome": 0,
    "netIncome": 856000000,
    "netIncomeDeductions": 0,
    "bottomLineNetIncome": 856000000,
    "eps": 0.36,
    "epsDiluted": 0.36,
    "weightedAverageShsOut": 2349000000,
    "weightedAverageShsOutDil": 2365000000
  },
  {
    "date": "2002-01-31",
    "symbol": "HD",
    "reportedCurrency": "USD",
    "cik": "0000354950",
    "filingDate": "2002-04-19",
    "acceptedDate": "2002-04-19 00:00:00",
    "fiscalYear": "2001",
    "period": "Q4",
    "revenue": 13488000000,
    "costOfRevenue": 9332000000,
    "grossProfit": 4156000000,
    "researchAndDevelopmentExpenses": 0,
    "generalAndAdministrativeExpenses": 3004000000,
    "sellingAndMarketingExpenses": 0,
    "sellingGeneralAndAdministrativeExpenses": 3004000000,
    "otherExpenses": 0,
    "operatingExpenses": 3004000000,
    "costAndExpenses": 12336000000,
    "netInterestIncome": 0,
    "interestIncome": 0,
    "interestExpense": 0,
    "depreciationAndAmortization": 200000000,
    "ebitda": 1352000000,
    "ebit": 1152000000,
    "nonOperatingIncomeExcludingInterest": 0,
    "operatingIncome": 1152000000,
    "totalOtherIncomeExpensesNet": 4000000,
    "incomeBeforeTax": 1156000000,
    "incomeTaxExpense": 446000000,
    "netIncomeFromContinuingOperations": 710000000,
    "netIncomeFromDiscontinuedOperations": 0,
    "otherAdjustmentsToNetIncome": 0,
    "netIncome": 710000000,
    "netIncomeDeductions": 0,
    "bottomLineNetIncome": 710000000,
    "eps": 0.3,
    "epsDiluted": 0.3,
    "weightedAverageShsOut": 2344000000,
    "weightedAverageShsOutDil": 2358000000
  },
  {
    "date": "2001-10-28",
    "symbol": "HD",
    "reportedCurrency": "USD",
    "cik": "0000354950",
    "filingDate": "2001-11-28",
    "acceptedDate": "2001-11-28 00:00:00",
    "fiscalYear": "2001",
    "period": "Q3",
    "revenue": 13289000000,
    "costOfRevenue": 9279000000,
    "grossProfit": 4010000000,
    "researchAndDevelopmentExpenses": 0,
    "generalAndAdministrativeExpenses": 230000000,
    "sellingAndMarketingExpenses": 2495000000,
    "sellingGeneralAndAdministrativeExpenses": 2725000000,
    "otherExpenses": 28000000,
    "operatingExpenses": 2753000000,
    "costAndExpenses": 12032000000,
    "netInterestIncome": 0,
    "interestIncome": 0,
    "interestExpense": 0,
    "depreciationAndAmortization": 198000000,
    "ebitda": 1455000000,
    "ebit": 1257000000,
    "nonOperatingIncomeExcludingInterest": 0,
    "operatingIncome": 1257000000,
    "totalOtherIncomeExpensesNet": 10000000,
    "incomeBeforeTax": 1267000000,
    "incomeTaxExpense": 489000000,
    "netIncomeFromContinuingOperations": 778000000,
    "netIncomeFromDiscontinuedOperations": 0,
    "otherAdjustmentsToNetIncome": 0,
    "netIncome": 778000000,
    "netIncomeDeductions": 0,
    "bottomLineNetIncome": 778000000,
    "eps": 0.33,
    "epsDiluted": 0.33,
    "weightedAverageShsOut": 2337000000,
    "weightedAverageShsOutDil": 2352000000
  },
  {
    "date": "2001-07-29",
    "symbol": "HD",
    "reportedCurrency": "USD",
    "cik": "0000354950",
    "filingDate": "2001-08-27",
    "acceptedDate": "2001-08-27 00:00:00",
    "fiscalYear": "2001",
    "period": "Q2",
    "revenue": 14576000000,
    "costOfRevenue": 10250000000,
    "grossProfit": 4326000000,
    "researchAndDevelopmentExpenses": 0,
    "generalAndAdministrativeExpenses": 229000000,
    "sellingAndMarketingExpenses": 2569000000,
    "sellingGeneralAndAdministrativeExpenses": 2798000000,
    "otherExpenses": 32000000,
    "operatingExpenses": 2830000000,
    "costAndExpenses": 13080000000,
    "netInterestIncome": 0,
    "interestIncome": 0,
    "interestExpense": 0,
    "depreciationAndAmortization": 189000000,
    "ebitda": 1685000000,
    "ebit": 1496000000,
    "nonOperatingIncomeExcludingInterest": 0,
    "operatingIncome": 1496000000,
    "totalOtherIncomeExpensesNet": 8000000,
    "incomeBeforeTax": 1504000000,
    "incomeTaxExpense": 580000000,
    "netIncomeFromContinuingOperations": 924000000,
    "netIncomeFromDiscontinuedOperations": 0,
    "otherAdjustmentsToNetIncome": 0,
    "netIncome": 924000000,
    "netIncomeDeductions": 0,
    "bottomLineNetIncome": 924000000,
    "eps": 0.4,
    "epsDiluted": 0.39,
    "weightedAverageShsOut": 2334000000,
    "weightedAverageShsOutDil": 2355000000
  },
  {
    "date": "2001-04-29",
    "symbol": "HD",
    "reportedCurrency": "USD",
    "cik": "0000354950",
    "filingDate": "2001-05-29",
    "acceptedDate": "2001-05-29 00:00:00",
    "fiscalYear": "2001",
    "period": "Q1",
    "revenue": 12200000000,
    "costOfRevenue": 8545000000,
    "grossProfit": 3655000000,
    "researchAndDevelopmentExpenses": 0,
    "generalAndAdministrativeExpenses": 2628000000,
    "sellingAndMarketingExpenses": 0,
    "sellingGeneralAndAdministrativeExpenses": 2628000000,
    "otherExpenses": 0,
    "operatingExpenses": 2628000000,
    "costAndExpenses": 11173000000,
    "netInterestIncome": 0,
    "interestIncome": 0,
    "interestExpense": 0,
    "depreciationAndAmortization": 177000000,
    "ebitda": 1204000000,
    "ebit": 1027000000,
    "nonOperatingIncomeExcludingInterest": 0,
    "operatingIncome": 1027000000,
    "totalOtherIncomeExpensesNet": 3000000,
    "incomeBeforeTax": 1030000000,
    "incomeTaxExpense": 398000000,
    "netIncomeFromContinuingOperations": 632000000,
    "netIncomeFromDiscontinuedOperations": 0,
    "otherAdjustmentsToNetIncome": 0,
    "netIncome": 632000000,
    "netIncomeDeductions": 0,
    "bottomLineNetIncome": 632000000,
    "eps": 0.27,
    "epsDiluted": 0.27,
    "weightedAverageShsOut": 2326000000,
    "weightedAverageShsOutDil": 2347000000
  },
  {
    "date": "2001-01-31",
    "symbol": "HD",
    "reportedCurrency": "USD",
    "cik": "0000354950",
    "filingDate": "2001-04-23",
    "acceptedDate": "2001-04-23 00:00:00",
    "fiscalYear": "2000",
    "period": "Q4",
    "revenue": 10463000000,
    "costOfRevenue": 7245000000,
    "grossProfit": 3218000000,
    "researchAndDevelopmentExpenses": 0,
    "generalAndAdministrativeExpenses": 0,
    "sellingAndMarketingExpenses": 0,
    "sellingGeneralAndAdministrativeExpenses": 2459000000,
    "otherExpenses": 0,
    "operatingExpenses": 2459000000,
    "costAndExpenses": 9704000000,
    "netInterestIncome": 0,
    "interestIncome": 0,
    "interestExpense": 0,
    "depreciationAndAmortization": 164000000,
    "ebitda": 923000000,
    "ebit": 759000000,
    "nonOperatingIncomeExcludingInterest": 0,
    "operatingIncome": 759000000,
    "totalOtherIncomeExpensesNet": 0,
    "incomeBeforeTax": 759000000,
    "incomeTaxExpense": 294000000,
    "netIncomeFromContinuingOperations": 465000000,
    "netIncomeFromDiscontinuedOperations": 0,
    "otherAdjustmentsToNetIncome": 0,
    "netIncome": 465000000,
    "netIncomeDeductions": 0,
    "bottomLineNetIncome": 465000000,
    "eps": 0.2,
    "epsDiluted": 0.2,
    "weightedAverageShsOut": 2317000000,
    "weightedAverageShsOutDil": 2317000000
  },
  {
    "date": "2000-10-30",
    "symbol": "HD",
    "reportedCurrency": "USD",
    "cik": "0000354950",
    "filingDate": "2000-11-22",
    "acceptedDate": "2000-11-22 00:00:00",
    "fiscalYear": "2000",
    "period": "Q3",
    "revenue": 11545000000,
    "costOfRevenue": 8095000000,
    "grossProfit": 3450000000,
    "researchAndDevelopmentExpenses": 0,
    "generalAndAdministrativeExpenses": 203000000,
    "sellingAndMarketingExpenses": 2154000000,
    "sellingGeneralAndAdministrativeExpenses": 2357000000,
    "otherExpenses": 39000000,
    "operatingExpenses": 2396000000,
    "costAndExpenses": 10491000000,
    "netInterestIncome": 0,
    "interestIncome": 0,
    "interestExpense": 0,
    "depreciationAndAmortization": 154000000,
    "ebitda": 1208000000,
    "ebit": 1054000000,
    "nonOperatingIncomeExcludingInterest": 0,
    "operatingIncome": 1054000000,
    "totalOtherIncomeExpensesNet": 8000000,
    "incomeBeforeTax": 1062000000,
    "incomeTaxExpense": 412000000,
    "netIncomeFromContinuingOperations": 650000000,
    "netIncomeFromDiscontinuedOperations": 0,
    "otherAdjustmentsToNetIncome": 0,
    "netIncome": 650000000,
    "netIncomeDeductions": 0,
    "bottomLineNetIncome": 650000000,
    "eps": 0.28,
    "epsDiluted": 0.28,
    "weightedAverageShsOut": 2317000000,
    "weightedAverageShsOutDil": 2352000000
  },
  {
    "date": "2000-07-30",
    "symbol": "HD",
    "reportedCurrency": "USD",
    "cik": "0000354950",
    "filingDate": "2000-08-24",
    "acceptedDate": "2000-08-24 00:00:00",
    "fiscalYear": "2000",
    "period": "Q2",
    "revenue": 12618000000,
    "costOfRevenue": 8879000000,
    "grossProfit": 3739000000,
    "researchAndDevelopmentExpenses": 0,
    "generalAndAdministrativeExpenses": 212000000,
    "sellingAndMarketingExpenses": 2138000000,
    "sellingGeneralAndAdministrativeExpenses": 2350000000,
    "otherExpenses": 30000000,
    "operatingExpenses": 2380000000,
    "costAndExpenses": 11259000000,
    "netInterestIncome": 0,
    "interestIncome": 0,
    "interestExpense": 0,
    "depreciationAndAmortization": 146000000,
    "ebitda": 1507000000,
    "ebit": 1359000000,
    "nonOperatingIncomeExcludingInterest": 0,
    "operatingIncome": 1359000000,
    "totalOtherIncomeExpensesNet": 10000000,
    "incomeBeforeTax": 1369000000,
    "incomeTaxExpense": 531000000,
    "netIncomeFromContinuingOperations": 838000000,
    "netIncomeFromDiscontinuedOperations": 0,
    "otherAdjustmentsToNetIncome": 0,
    "netIncome": 838000000,
    "netIncomeDeductions": 0,
    "bottomLineNetIncome": 838000000,
    "eps": 0.36,
    "epsDiluted": 0.36,
    "weightedAverageShsOut": 2314000000,
    "weightedAverageShsOutDil": 2352000000
  },
  {
    "date": "2000-04-30",
    "symbol": "HD",
    "reportedCurrency": "USD",
    "cik": "0000354950",
    "filingDate": "2000-05-25",
    "acceptedDate": "2000-05-25 00:00:00",
    "fiscalYear": "2000",
    "period": "Q1",
    "revenue": 11112000000,
    "costOfRevenue": 7838000000,
    "grossProfit": 3274000000,
    "researchAndDevelopmentExpenses": 0,
    "generalAndAdministrativeExpenses": 0,
    "sellingAndMarketingExpenses": 0,
    "sellingGeneralAndAdministrativeExpenses": 2257000000,
    "otherExpenses": 0,
    "operatingExpenses": 2257000000,
    "costAndExpenses": 10095000000,
    "netInterestIncome": 0,
    "interestIncome": 0,
    "interestExpense": 0,
    "depreciationAndAmortization": 137000000,
    "ebitda": 1154000000,
    "ebit": 1017000000,
    "nonOperatingIncomeExcludingInterest": 0,
    "operatingIncome": 1017000000,
    "totalOtherIncomeExpensesNet": 10000000,
    "incomeBeforeTax": 1027000000,
    "incomeTaxExpense": 398000000,
    "netIncomeFromContinuingOperations": 629000000,
    "netIncomeFromDiscontinuedOperations": 0,
    "otherAdjustmentsToNetIncome": 0,
    "netIncome": 629000000,
    "netIncomeDeductions": 0,
    "bottomLineNetIncome": 629000000,
    "eps": 0.27,
    "epsDiluted": 0.27,
    "weightedAverageShsOut": 2308000000,
    "weightedAverageShsOutDil": 2354000000
  },
  {
    "date": "2000-01-31",
    "symbol": "HD",
    "reportedCurrency": "USD",
    "cik": "0000354950",
    "filingDate": "2000-04-21",
    "acceptedDate": "2000-04-21 00:00:00",
    "fiscalYear": "1999",
    "period": "Q4",
    "revenue": 9174000000,
    "costOfRevenue": 6127000000,
    "grossProfit": 3047000000,
    "researchAndDevelopmentExpenses": 0,
    "generalAndAdministrativeExpenses": 1992000000,
    "sellingAndMarketingExpenses": 1000000,
    "sellingGeneralAndAdministrativeExpenses": 1993000000,
    "otherExpenses": 125000000,
    "operatingExpenses": 2118000000,
    "costAndExpenses": 8245000000,
    "netInterestIncome": 0,
    "interestIncome": 0,
    "interestExpense": 0,
    "depreciationAndAmortization": 125000000,
    "ebitda": 1054000000,
    "ebit": 929000000,
    "nonOperatingIncomeExcludingInterest": 0,
    "operatingIncome": 929000000,
    "totalOtherIncomeExpensesNet": 10000000,
    "incomeBeforeTax": 939000000,
    "incomeTaxExpense": 361000000,
    "netIncomeFromContinuingOperations": 578000000,
    "netIncomeFromDiscontinuedOperations": 0,
    "otherAdjustmentsToNetIncome": 0,
    "netIncome": 578000000,
    "netIncomeDeductions": 0,
    "bottomLineNetIncome": 578000000,
    "eps": 0.25,
    "epsDiluted": 0.25,
    "weightedAverageShsOut": 2307000000,
    "weightedAverageShsOutDil": 2351000000
  },
  {
    "date": "1999-10-31",
    "symbol": "HD",
    "reportedCurrency": "USD",
    "cik": "0000354950",
    "filingDate": "1999-12-03",
    "acceptedDate": "1999-12-03 00:00:00",
    "fiscalYear": "1999",
    "period": "Q3",
    "revenue": 9877000000,
    "costOfRevenue": 6866000000,
    "grossProfit": 3011000000,
    "researchAndDevelopmentExpenses": 0,
    "generalAndAdministrativeExpenses": 1955000000,
    "sellingAndMarketingExpenses": 0,
    "sellingGeneralAndAdministrativeExpenses": 1955000000,
    "otherExpenses": 117000000,
    "operatingExpenses": 2072000000,
    "costAndExpenses": 8938000000,
    "netInterestIncome": 0,
    "interestIncome": 0,
    "interestExpense": 0,
    "depreciationAndAmortization": 117000000,
    "ebitda": 1056000000,
    "ebit": 939000000,
    "nonOperatingIncomeExcludingInterest": 0,
    "operatingIncome": 939000000,
    "totalOtherIncomeExpensesNet": 4000000,
    "incomeBeforeTax": 943000000,
    "incomeTaxExpense": 370000000,
    "netIncomeFromContinuingOperations": 573000000,
    "netIncomeFromDiscontinuedOperations": 0,
    "otherAdjustmentsToNetIncome": 0,
    "netIncome": 573000000,
    "netIncomeDeductions": 0,
    "bottomLineNetIncome": 573000000,
    "eps": 0.25,
    "epsDiluted": 0.25,
    "weightedAverageShsOut": 2234000000,
    "weightedAverageShsOutDil": 2340000000
  },
  {
    "date": "1999-08-01",
    "symbol": "HD",
    "reportedCurrency": "USD",
    "cik": "0000354950",
    "filingDate": "1999-08-27",
    "acceptedDate": "1999-08-27 00:00:00",
    "fiscalYear": "1999",
    "period": "Q2",
    "revenue": 10431000000,
    "costOfRevenue": 7288000000,
    "grossProfit": 3143000000,
    "researchAndDevelopmentExpenses": 0,
    "generalAndAdministrativeExpenses": 1910000000,
    "sellingAndMarketingExpenses": 3000000,
    "sellingGeneralAndAdministrativeExpenses": 1913000000,
    "otherExpenses": 114000000,
    "operatingExpenses": 2027000000,
    "costAndExpenses": 9315000000,
    "netInterestIncome": 0,
    "interestIncome": 0,
    "interestExpense": 0,
    "depreciationAndAmortization": 114000000,
    "ebitda": 1230000000,
    "ebit": 1116000000,
    "nonOperatingIncomeExcludingInterest": 0,
    "operatingIncome": 1116000000,
    "totalOtherIncomeExpensesNet": 1000000,
    "incomeBeforeTax": 1117000000,
    "incomeTaxExpense": 438000000,
    "netIncomeFromContinuingOperations": 679000000,
    "netIncomeFromDiscontinuedOperations": 0,
    "otherAdjustmentsToNetIncome": 0,
    "netIncome": 679000000,
    "netIncomeDeductions": 0,
    "bottomLineNetIncome": 679000000,
    "eps": 0.31,
    "epsDiluted": 0.29,
    "weightedAverageShsOut": 2222000000,
    "weightedAverageShsOutDil": 2337000000
  },
  {
    "date": "1999-05-02",
    "symbol": "HD",
    "reportedCurrency": "USD",
    "cik": "0000354950",
    "filingDate": "1999-06-03",
    "acceptedDate": "1999-06-03 00:00:00",
    "fiscalYear": "1999",
    "period": "Q1",
    "revenue": 8952000000,
    "costOfRevenue": 6279000000,
    "grossProfit": 2673000000,
    "researchAndDevelopmentExpenses": 0,
    "generalAndAdministrativeExpenses": 1748000000,
    "sellingAndMarketingExpenses": 8000000,
    "sellingGeneralAndAdministrativeExpenses": 1756000000,
    "otherExpenses": 107000000,
    "operatingExpenses": 1863000000,
    "costAndExpenses": 8142000000,
    "netInterestIncome": 0,
    "interestIncome": 0,
    "interestExpense": 5000000,
    "depreciationAndAmortization": 107000000,
    "ebitda": 917000000,
    "ebit": 810000000,
    "nonOperatingIncomeExcludingInterest": 0,
    "operatingIncome": 810000000,
    "totalOtherIncomeExpensesNet": -5000000,
    "incomeBeforeTax": 805000000,
    "incomeTaxExpense": 316000000,
    "netIncomeFromContinuingOperations": 489000000,
    "netIncomeFromDiscontinuedOperations": 0,
    "otherAdjustmentsToNetIncome": 0,
    "netIncome": 489000000,
    "netIncomeDeductions": 0,
    "bottomLineNetIncome": 489000000,
    "eps": 0.22,
    "epsDiluted": 0.21,
    "weightedAverageShsOut": 2216000000,
    "weightedAverageShsOutDil": 2336000000
  },
  {
    "date": "1999-01-31",
    "symbol": "HD",
    "reportedCurrency": "USD",
    "cik": "0000354950",
    "filingDate": "1999-04-19",
    "acceptedDate": "1999-04-19 00:00:00",
    "fiscalYear": "1998",
    "period": "Q4",
    "revenue": 7258000000,
    "costOfRevenue": 4966000000,
    "grossProfit": 2292000000,
    "researchAndDevelopmentExpenses": 0,
    "generalAndAdministrativeExpenses": 1510000000,
    "sellingAndMarketingExpenses": 0,
    "sellingGeneralAndAdministrativeExpenses": 1510000000,
    "otherExpenses": 96000000,
    "operatingExpenses": 1606000000,
    "costAndExpenses": 6572000000,
    "netInterestIncome": 0,
    "interestIncome": 0,
    "interestExpense": 2000000,
    "depreciationAndAmortization": 96000000,
    "ebitda": 782000000,
    "ebit": 686000000,
    "nonOperatingIncomeExcludingInterest": 0,
    "operatingIncome": 686000000,
    "totalOtherIncomeExpensesNet": -2000000,
    "incomeBeforeTax": 684000000,
    "incomeTaxExpense": 266000000,
    "netIncomeFromContinuingOperations": 418000000,
    "netIncomeFromDiscontinuedOperations": 0,
    "otherAdjustmentsToNetIncome": 0,
    "netIncome": 418000000,
    "netIncomeDeductions": 0,
    "bottomLineNetIncome": 418000000,
    "eps": 0.18,
    "epsDiluted": 0.18,
    "weightedAverageShsOut": 2321000000,
    "weightedAverageShsOutDil": 2321000000
  },
  {
    "date": "1998-11-01",
    "symbol": "HD",
    "reportedCurrency": "USD",
    "cik": "0000354950",
    "filingDate": "1998-12-08",
    "acceptedDate": "1998-12-08 00:00:00",
    "fiscalYear": "1998",
    "period": "Q3",
    "revenue": 7699000000,
    "costOfRevenue": 5425000000,
    "grossProfit": 2274000000,
    "researchAndDevelopmentExpenses": 0,
    "generalAndAdministrativeExpenses": 1532000000,
    "sellingAndMarketingExpenses": 0,
    "sellingGeneralAndAdministrativeExpenses": 1532000000,
    "otherExpenses": 97000000,
    "operatingExpenses": 1629000000,
    "costAndExpenses": 7054000000,
    "netInterestIncome": 0,
    "interestIncome": 0,
    "interestExpense": 0,
    "depreciationAndAmortization": 97000000,
    "ebitda": 742000000,
    "ebit": 645000000,
    "nonOperatingIncomeExcludingInterest": 0,
    "operatingIncome": 645000000,
    "totalOtherIncomeExpensesNet": 1000000,
    "incomeBeforeTax": 646000000,
    "incomeTaxExpense": 254000000,
    "netIncomeFromContinuingOperations": 392000000,
    "netIncomeFromDiscontinuedOperations": 0,
    "otherAdjustmentsToNetIncome": 0,
    "netIncome": 392000000,
    "netIncomeDeductions": 0,
    "bottomLineNetIncome": 392000000,
    "eps": 0.18,
    "epsDiluted": 0.17,
    "weightedAverageShsOut": 2177778000,
    "weightedAverageShsOutDil": 2305882000
  },
  {
    "date": "1998-08-02",
    "symbol": "HD",
    "reportedCurrency": "USD",
    "cik": "0000354950",
    "filingDate": "1998-09-01",
    "acceptedDate": "1998-09-01 00:00:00",
    "fiscalYear": "1998",
    "period": "Q2",
    "revenue": 8139000000,
    "costOfRevenue": 5783000000,
    "grossProfit": 2356000000,
    "researchAndDevelopmentExpenses": 0,
    "generalAndAdministrativeExpenses": 1493000000,
    "sellingAndMarketingExpenses": 0,
    "sellingGeneralAndAdministrativeExpenses": 1493000000,
    "otherExpenses": 93000000,
    "operatingExpenses": 1586000000,
    "costAndExpenses": 7369000000,
    "netInterestIncome": 0,
    "interestIncome": 0,
    "interestExpense": 1000000,
    "depreciationAndAmortization": 93000000,
    "ebitda": 863000000,
    "ebit": 770000000,
    "nonOperatingIncomeExcludingInterest": 0,
    "operatingIncome": 770000000,
    "totalOtherIncomeExpensesNet": -1000000,
    "incomeBeforeTax": 769000000,
    "incomeTaxExpense": 302000000,
    "netIncomeFromContinuingOperations": 467000000,
    "netIncomeFromDiscontinuedOperations": 0,
    "otherAdjustmentsToNetIncome": 0,
    "netIncome": 467000000,
    "netIncomeDeductions": 0,
    "bottomLineNetIncome": 467000000,
    "eps": 0.21,
    "epsDiluted": 0.21,
    "weightedAverageShsOut": 2223810000,
    "weightedAverageShsOutDil": 2223810000
  },
  {
    "date": "1998-05-03",
    "symbol": "HD",
    "reportedCurrency": "USD",
    "cik": "0000354950",
    "filingDate": "1998-06-01",
    "acceptedDate": "1998-06-01 00:00:00",
    "fiscalYear": "1998",
    "period": "Q1",
    "revenue": 7123000000,
    "costOfRevenue": 5068000000,
    "grossProfit": 2055000000,
    "researchAndDevelopmentExpenses": 0,
    "generalAndAdministrativeExpenses": 1408000000,
    "sellingAndMarketingExpenses": 0,
    "sellingGeneralAndAdministrativeExpenses": 1408000000,
    "otherExpenses": 87000000,
    "operatingExpenses": 1495000000,
    "costAndExpenses": 6563000000,
    "netInterestIncome": 0,
    "interestIncome": 0,
    "interestExpense": 4000000,
    "depreciationAndAmortization": 87000000,
    "ebitda": 647000000,
    "ebit": 560000000,
    "nonOperatingIncomeExcludingInterest": 0,
    "operatingIncome": 560000000,
    "totalOtherIncomeExpensesNet": -4000000,
    "incomeBeforeTax": 556000000,
    "incomeTaxExpense": 219000000,
    "netIncomeFromContinuingOperations": 337000000,
    "netIncomeFromDiscontinuedOperations": 0,
    "otherAdjustmentsToNetIncome": 0,
    "netIncome": 337000000,
    "netIncomeDeductions": 0,
    "bottomLineNetIncome": 337000000,
    "eps": 0.15,
    "epsDiluted": 0.15,
    "weightedAverageShsOut": 2246667000,
    "weightedAverageShsOutDil": 2246667000
  },
  {
    "date": "1998-01-31",
    "symbol": "HD",
    "reportedCurrency": "USD",
    "cik": "0000354950",
    "filingDate": "1998-04-23",
    "acceptedDate": "1998-04-23 00:00:00",
    "fiscalYear": "1997",
    "period": "Q4",
    "revenue": 5731500000,
    "costOfRevenue": 3950800000,
    "grossProfit": 1780700000,
    "researchAndDevelopmentExpenses": 0,
    "generalAndAdministrativeExpenses": 1197000000,
    "sellingAndMarketingExpenses": -109600000,
    "sellingGeneralAndAdministrativeExpenses": 1087400000,
    "otherExpenses": 78300000,
    "operatingExpenses": 1165700000,
    "costAndExpenses": 5116500000,
    "netInterestIncome": 0,
    "interestIncome": 0,
    "interestExpense": 112400000,
    "depreciationAndAmortization": 78300000,
    "ebitda": 693300000,
    "ebit": 615000000,
    "nonOperatingIncomeExcludingInterest": 0,
    "operatingIncome": 615000000,
    "totalOtherIncomeExpensesNet": -112400000,
    "incomeBeforeTax": 502600000,
    "incomeTaxExpense": 195200000,
    "netIncomeFromContinuingOperations": 307400000,
    "netIncomeFromDiscontinuedOperations": 0,
    "otherAdjustmentsToNetIncome": 5100000,
    "netIncome": 307400000,
    "netIncomeDeductions": 0,
    "bottomLineNetIncome": 307400000,
    "eps": 0.13,
    "epsDiluted": 0.13,
    "weightedAverageShsOut": 2348000000,
    "weightedAverageShsOutDil": 2348000000
  },
  {
    "date": "1997-11-02",
    "symbol": "HD",
    "reportedCurrency": "USD",
    "cik": "0000354950",
    "filingDate": "1997-12-02",
    "acceptedDate": "1997-12-02 00:00:00",
    "fiscalYear": "1997",
    "period": "Q3",
    "revenue": 6217000000,
    "costOfRevenue": 4420400000,
    "grossProfit": 1796600000,
    "researchAndDevelopmentExpenses": 0,
    "generalAndAdministrativeExpenses": 1239000000,
    "sellingAndMarketingExpenses": 100200000,
    "sellingGeneralAndAdministrativeExpenses": 1339200000,
    "otherExpenses": 70500000,
    "operatingExpenses": 1409700000,
    "costAndExpenses": 5830100000,
    "netInterestIncome": 0,
    "interestIncome": 0,
    "interestExpense": 800000,
    "depreciationAndAmortization": 70500000,
    "ebitda": 457400000,
    "ebit": 386900000,
    "nonOperatingIncomeExcludingInterest": 0,
    "operatingIncome": 386900000,
    "totalOtherIncomeExpensesNet": -800000,
    "incomeBeforeTax": 386100000,
    "incomeTaxExpense": 150200000,
    "netIncomeFromContinuingOperations": 235900000,
    "netIncomeFromDiscontinuedOperations": 0,
    "otherAdjustmentsToNetIncome": 3700000,
    "netIncome": 235900000,
    "netIncomeDeductions": 0,
    "bottomLineNetIncome": 235900000,
    "eps": 0.11,
    "epsDiluted": 0.11,
    "weightedAverageShsOut": 2144545000,
    "weightedAverageShsOutDil": 2144545000
  },
  {
    "date": "1997-08-03",
    "symbol": "HD",
    "reportedCurrency": "USD",
    "cik": "0000354950",
    "filingDate": "1997-08-28",
    "acceptedDate": "1997-08-28 00:00:00",
    "fiscalYear": "1997",
    "period": "Q2",
    "revenue": 6550200000,
    "costOfRevenue": 4682700000,
    "grossProfit": 1867500000,
    "researchAndDevelopmentExpenses": 0,
    "generalAndAdministrativeExpenses": 1218000000,
    "sellingAndMarketingExpenses": -4800000,
    "sellingGeneralAndAdministrativeExpenses": 1213200000,
    "otherExpenses": 66800000,
    "operatingExpenses": 1280000000,
    "costAndExpenses": 5962700000,
    "netInterestIncome": 0,
    "interestIncome": 0,
    "interestExpense": 1700000,
    "depreciationAndAmortization": 66800000,
    "ebitda": 654300000,
    "ebit": 587500000,
    "nonOperatingIncomeExcludingInterest": 0,
    "operatingIncome": 587500000,
    "totalOtherIncomeExpensesNet": -1700000,
    "incomeBeforeTax": 585800000,
    "incomeTaxExpense": 227900000,
    "netIncomeFromContinuingOperations": 357900000,
    "netIncomeFromDiscontinuedOperations": 0,
    "otherAdjustmentsToNetIncome": 5100000,
    "netIncome": 357900000,
    "netIncomeDeductions": 0,
    "bottomLineNetIncome": 357900000,
    "eps": 0.16,
    "epsDiluted": 0.16,
    "weightedAverageShsOut": 2236875000,
    "weightedAverageShsOutDil": 2236875000
  },
  {
    "date": "1997-05-04",
    "symbol": "HD",
    "reportedCurrency": "USD",
    "cik": "0000354950",
    "filingDate": "1997-06-02",
    "acceptedDate": "1997-06-02 00:00:00",
    "fiscalYear": "1997",
    "period": "Q1",
    "revenue": 5657300000,
    "costOfRevenue": 4038100000,
    "grossProfit": 1619200000,
    "researchAndDevelopmentExpenses": 0,
    "generalAndAdministrativeExpenses": 1127000000,
    "sellingAndMarketingExpenses": -1800000,
    "sellingGeneralAndAdministrativeExpenses": 1125200000,
    "otherExpenses": 67400000,
    "operatingExpenses": 1192600000,
    "costAndExpenses": 5230700000,
    "netInterestIncome": 0,
    "interestIncome": 0,
    "interestExpense": 3000000,
    "depreciationAndAmortization": 67400000,
    "ebitda": 494000000,
    "ebit": 426600000,
    "nonOperatingIncomeExcludingInterest": 0,
    "operatingIncome": 426600000,
    "totalOtherIncomeExpensesNet": -3000000,
    "incomeBeforeTax": 423600000,
    "incomeTaxExpense": 164800000,
    "netIncomeFromContinuingOperations": 258800000,
    "netIncomeFromDiscontinuedOperations": 0,
    "otherAdjustmentsToNetIncome": 2100000,
    "netIncome": 258800000,
    "netIncomeDeductions": 0,
    "bottomLineNetIncome": 258800000,
    "eps": 0.12,
    "epsDiluted": 0.12,
    "weightedAverageShsOut": 2156667000,
    "weightedAverageShsOutDil": 2156667000
  },
  {
    "date": "1997-01-31",
    "symbol": "HD",
    "reportedCurrency": "USD",
    "cik": "0000354950",
    "filingDate": "1997-04-22",
    "acceptedDate": "1997-04-22 00:00:00",
    "fiscalYear": "1996",
    "period": "Q4",
    "revenue": 4958500000,
    "costOfRevenue": 3455700000,
    "grossProfit": 1502800000,
    "researchAndDevelopmentExpenses": 0,
    "generalAndAdministrativeExpenses": 1031000000,
    "sellingAndMarketingExpenses": -3700000,
    "sellingGeneralAndAdministrativeExpenses": 1027300000,
    "otherExpenses": 63800000,
    "operatingExpenses": 1091100000,
    "costAndExpenses": 4546800000,
    "netInterestIncome": 0,
    "interestIncome": 0,
    "interestExpense": 6300000,
    "depreciationAndAmortization": 63800000,
    "ebitda": 475500000,
    "ebit": 411700000,
    "nonOperatingIncomeExcludingInterest": 0,
    "operatingIncome": 411700000,
    "totalOtherIncomeExpensesNet": -6300000,
    "incomeBeforeTax": 405400000,
    "incomeTaxExpense": 154300000,
    "netIncomeFromContinuingOperations": 251100000,
    "netIncomeFromDiscontinuedOperations": 0,
    "otherAdjustmentsToNetIncome": 0,
    "netIncome": 251100000,
    "netIncomeDeductions": 0,
    "bottomLineNetIncome": 251100000,
    "eps": 0.11,
    "epsDiluted": 0.11,
    "weightedAverageShsOut": 2228000000,
    "weightedAverageShsOutDil": 2228000000
  },
  {
    "date": "1996-10-27",
    "symbol": "HD",
    "reportedCurrency": "USD",
    "cik": "0000354950",
    "filingDate": "1996-11-22",
    "acceptedDate": "1996-11-22 00:00:00",
    "fiscalYear": "1996",
    "period": "Q3",
    "revenue": 4921800000,
    "costOfRevenue": 3524400000,
    "grossProfit": 1397400000,
    "researchAndDevelopmentExpenses": 0,
    "generalAndAdministrativeExpenses": 974000000,
    "sellingAndMarketingExpenses": 3200000,
    "sellingGeneralAndAdministrativeExpenses": 977200000,
    "otherExpenses": 59200000,
    "operatingExpenses": 1036400000,
    "costAndExpenses": 4560800000,
    "netInterestIncome": 0,
    "interestIncome": 0,
    "interestExpense": 0,
    "depreciationAndAmortization": 59200000,
    "ebitda": 420200000,
    "ebit": 361000000,
    "nonOperatingIncomeExcludingInterest": 0,
    "operatingIncome": 361000000,
    "totalOtherIncomeExpensesNet": 3100000,
    "incomeBeforeTax": 364100000,
    "incomeTaxExpense": 142700000,
    "netIncomeFromContinuingOperations": 221400000,
    "netIncomeFromDiscontinuedOperations": 0,
    "otherAdjustmentsToNetIncome": 0,
    "netIncome": 221400000,
    "netIncomeDeductions": 0,
    "bottomLineNetIncome": 221400000,
    "eps": 0.11,
    "epsDiluted": 0.11,
    "weightedAverageShsOut": 2012727000,
    "weightedAverageShsOutDil": 2012727000
  },
  {
    "date": "1996-07-28",
    "symbol": "HD",
    "reportedCurrency": "USD",
    "cik": "0000354950",
    "filingDate": "1996-08-27",
    "acceptedDate": "1996-08-27 00:00:00",
    "fiscalYear": "1996",
    "period": "Q2",
    "revenue": 5292900000,
    "costOfRevenue": 3799700000,
    "grossProfit": 1493200000,
    "researchAndDevelopmentExpenses": 0,
    "generalAndAdministrativeExpenses": 992000000,
    "sellingAndMarketingExpenses": 3000000,
    "sellingGeneralAndAdministrativeExpenses": 995000000,
    "otherExpenses": 56300000,
    "operatingExpenses": 1051300000,
    "costAndExpenses": 4851000000,
    "netInterestIncome": 0,
    "interestIncome": 0,
    "interestExpense": 0,
    "depreciationAndAmortization": 56300000,
    "ebitda": 498200000,
    "ebit": 441900000,
    "nonOperatingIncomeExcludingInterest": 0,
    "operatingIncome": 441900000,
    "totalOtherIncomeExpensesNet": 2500000,
    "incomeBeforeTax": 444400000,
    "incomeTaxExpense": 174200000,
    "netIncomeFromContinuingOperations": 270200000,
    "netIncomeFromDiscontinuedOperations": 0,
    "otherAdjustmentsToNetIncome": 0,
    "netIncome": 270200000,
    "netIncomeDeductions": 0,
    "bottomLineNetIncome": 270200000,
    "eps": 0.13,
    "epsDiluted": 0.13,
    "weightedAverageShsOut": 2078462000,
    "weightedAverageShsOutDil": 2078462000
  },
  {
    "date": "1996-04-28",
    "symbol": "HD",
    "reportedCurrency": "USD",
    "cik": "0000354950",
    "filingDate": "1996-05-30",
    "acceptedDate": "1996-05-30 00:00:00",
    "fiscalYear": "1996",
    "period": "Q1",
    "revenue": 4362200000,
    "costOfRevenue": 3089300000,
    "grossProfit": 1272900000,
    "researchAndDevelopmentExpenses": 0,
    "generalAndAdministrativeExpenses": 901000000,
    "sellingAndMarketingExpenses": 0,
    "sellingGeneralAndAdministrativeExpenses": 901000000,
    "otherExpenses": 53000000,
    "operatingExpenses": 954000000,
    "costAndExpenses": 4043300000,
    "netInterestIncome": 0,
    "interestIncome": 0,
    "interestExpense": 0,
    "depreciationAndAmortization": 53000000,
    "ebitda": 371900000,
    "ebit": 318900000,
    "nonOperatingIncomeExcludingInterest": 0,
    "operatingIncome": 318900000,
    "totalOtherIncomeExpensesNet": 1800000,
    "incomeBeforeTax": 320700000,
    "incomeTaxExpense": 125700000,
    "netIncomeFromContinuingOperations": 195000000,
    "netIncomeFromDiscontinuedOperations": 0,
    "otherAdjustmentsToNetIncome": 0,
    "netIncome": 195000000,
    "netIncomeDeductions": 0,
    "bottomLineNetIncome": 195000000,
    "eps": 0.09,
    "epsDiluted": 0.09,
    "weightedAverageShsOut": 2166667000,
    "weightedAverageShsOutDil": 2166667000
  },
  {
    "date": "1996-01-31",
    "symbol": "HD",
    "reportedCurrency": "USD",
    "cik": "0000354950",
    "filingDate": "1996-04-08",
    "acceptedDate": "1996-04-08 00:00:00",
    "fiscalYear": "1995",
    "period": "Q4",
    "revenue": 3751900000,
    "costOfRevenue": 2611600000,
    "grossProfit": 1140300000,
    "researchAndDevelopmentExpenses": 0,
    "generalAndAdministrativeExpenses": 785000000,
    "sellingAndMarketingExpenses": 200000,
    "sellingGeneralAndAdministrativeExpenses": 785200000,
    "otherExpenses": 51800000,
    "operatingExpenses": 837000000,
    "costAndExpenses": 3448600000,
    "netInterestIncome": 0,
    "interestIncome": 0,
    "interestExpense": 0,
    "depreciationAndAmortization": 51800000,
    "ebitda": 355100000,
    "ebit": 303300000,
    "nonOperatingIncomeExcludingInterest": 0,
    "operatingIncome": 303300000,
    "totalOtherIncomeExpensesNet": 5400000,
    "incomeBeforeTax": 308700000,
    "incomeTaxExpense": 123300000,
    "netIncomeFromContinuingOperations": 185400000,
    "netIncomeFromDiscontinuedOperations": 0,
    "otherAdjustmentsToNetIncome": 0,
    "netIncome": 185400000,
    "netIncomeDeductions": 0,
    "bottomLineNetIncome": 185400000,
    "eps": 0.0857,
    "epsDiluted": 0.0857,
    "weightedAverageShsOut": 2058846000,
    "weightedAverageShsOutDil": 2160000000
  },
  {
    "date": "1995-10-29",
    "symbol": "HD",
    "reportedCurrency": "USD",
    "cik": "0000354950",
    "filingDate": "1995-11-30",
    "acceptedDate": "1995-11-30 00:00:00",
    "fiscalYear": "1995",
    "period": "Q3",
    "revenue": 3997800000,
    "costOfRevenue": 2874300000,
    "grossProfit": 1123500000,
    "researchAndDevelopmentExpenses": 0,
    "generalAndAdministrativeExpenses": 796000000,
    "sellingAndMarketingExpenses": 300000,
    "sellingGeneralAndAdministrativeExpenses": 796300000,
    "otherExpenses": 46900000,
    "operatingExpenses": 843200000,
    "costAndExpenses": 3717500000,
    "netInterestIncome": 0,
    "interestIncome": 0,
    "interestExpense": 0,
    "depreciationAndAmortization": 46900000,
    "ebitda": 327200000,
    "ebit": 280300000,
    "nonOperatingIncomeExcludingInterest": 0,
    "operatingIncome": 280300000,
    "totalOtherIncomeExpensesNet": 4600000,
    "incomeBeforeTax": 284900000,
    "incomeTaxExpense": 109400000,
    "netIncomeFromContinuingOperations": 175500000,
    "netIncomeFromDiscontinuedOperations": 0,
    "otherAdjustmentsToNetIncome": 0,
    "netIncome": 175500000,
    "netIncomeDeductions": 0,
    "bottomLineNetIncome": 175500000,
    "eps": 0.09,
    "epsDiluted": 0.09,
    "weightedAverageShsOut": 1950000000,
    "weightedAverageShsOutDil": 1950000000
  },
  {
    "date": "1995-07-30",
    "symbol": "HD",
    "reportedCurrency": "USD",
    "cik": "0000354950",
    "filingDate": "1995-08-29",
    "acceptedDate": "1995-08-29 00:00:00",
    "fiscalYear": "1995",
    "period": "Q2",
    "revenue": 4151700000,
    "costOfRevenue": 2985500000,
    "grossProfit": 1166200000,
    "researchAndDevelopmentExpenses": 0,
    "generalAndAdministrativeExpenses": 781000000,
    "sellingAndMarketingExpenses": -100000,
    "sellingGeneralAndAdministrativeExpenses": 780900000,
    "otherExpenses": 43200000,
    "operatingExpenses": 824100000,
    "costAndExpenses": 3809600000,
    "netInterestIncome": 0,
    "interestIncome": 0,
    "interestExpense": 0,
    "depreciationAndAmortization": 43200000,
    "ebitda": 385300000,
    "ebit": 342100000,
    "nonOperatingIncomeExcludingInterest": 0,
    "operatingIncome": 342100000,
    "totalOtherIncomeExpensesNet": 3500000,
    "incomeBeforeTax": 345600000,
    "incomeTaxExpense": 132700000,
    "netIncomeFromContinuingOperations": 212900000,
    "netIncomeFromDiscontinuedOperations": 0,
    "otherAdjustmentsToNetIncome": 0,
    "netIncome": 212900000,
    "netIncomeDeductions": 0,
    "bottomLineNetIncome": 212900000,
    "eps": 0.1,
    "epsDiluted": 0.1,
    "weightedAverageShsOut": 2129000000,
    "weightedAverageShsOutDil": 2129000000
  },
  {
    "date": "1995-04-30",
    "symbol": "HD",
    "reportedCurrency": "USD",
    "cik": "0000354950",
    "filingDate": "1995-05-26",
    "acceptedDate": "1995-05-26 00:00:00",
    "fiscalYear": "1995",
    "period": "Q1",
    "revenue": 3569000000,
    "costOfRevenue": 2532100000,
    "grossProfit": 1036900000,
    "researchAndDevelopmentExpenses": 0,
    "generalAndAdministrativeExpenses": 743400000,
    "sellingAndMarketingExpenses": 0,
    "sellingGeneralAndAdministrativeExpenses": 743400000,
    "otherExpenses": 39300000,
    "operatingExpenses": 782700000,
    "costAndExpenses": 3314800000,
    "netInterestIncome": 0,
    "interestIncome": 0,
    "interestExpense": 0,
    "depreciationAndAmortization": 39300000,
    "ebitda": 293500000,
    "ebit": 254200000,
    "nonOperatingIncomeExcludingInterest": 0,
    "operatingIncome": 254200000,
    "totalOtherIncomeExpensesNet": 2000000,
    "incomeBeforeTax": 256200000,
    "incomeTaxExpense": 98400000,
    "netIncomeFromContinuingOperations": 157800000,
    "netIncomeFromDiscontinuedOperations": 0,
    "otherAdjustmentsToNetIncome": 0,
    "netIncome": 157800000,
    "netIncomeDeductions": 0,
    "bottomLineNetIncome": 157800000,
    "eps": 0.08,
    "epsDiluted": 0.08,
    "weightedAverageShsOut": 1972500000,
    "weightedAverageShsOutDil": 1972500000
  },
  {
    "date": "1995-01-31",
    "symbol": "HD",
    "reportedCurrency": "USD",
    "cik": "0000354950",
    "filingDate": "1995-04-20",
    "acceptedDate": "1995-04-20 00:00:00",
    "fiscalYear": "1994",
    "period": "Q4",
    "revenue": 3077500000,
    "costOfRevenue": 2141700000,
    "grossProfit": 935800000,
    "researchAndDevelopmentExpenses": 0,
    "generalAndAdministrativeExpenses": 664000000,
    "sellingAndMarketingExpenses": -500000,
    "sellingGeneralAndAdministrativeExpenses": 663500000,
    "otherExpenses": 35400000,
    "operatingExpenses": 698900000,
    "costAndExpenses": 2840600000,
    "netInterestIncome": 0,
    "interestIncome": 0,
    "interestExpense": 3900000,
    "depreciationAndAmortization": 35400000,
    "ebitda": 272300000,
    "ebit": 236900000,
    "nonOperatingIncomeExcludingInterest": 0,
    "operatingIncome": 236900000,
    "totalOtherIncomeExpensesNet": -3900000,
    "incomeBeforeTax": 233000000,
    "incomeTaxExpense": 87000000,
    "netIncomeFromContinuingOperations": 146000000,
    "netIncomeFromDiscontinuedOperations": 0,
    "otherAdjustmentsToNetIncome": 0,
    "netIncome": 146000000,
    "netIncomeDeductions": 0,
    "bottomLineNetIncome": 146000000,
    "eps": 0.0706,
    "epsDiluted": 0.0706,
    "weightedAverageShsOut": 2067000000,
    "weightedAverageShsOutDil": 2067000000
  },
  {
    "date": "1994-10-29",
    "symbol": "HD",
    "reportedCurrency": "USD",
    "cik": "0000354950",
    "filingDate": "1994-12-01",
    "acceptedDate": "1994-12-01 00:00:00",
    "fiscalYear": "1994",
    "period": "Q3",
    "revenue": 3240100000,
    "costOfRevenue": 2328100000,
    "grossProfit": 912000000,
    "researchAndDevelopmentExpenses": 0,
    "generalAndAdministrativeExpenses": 649000000,
    "sellingAndMarketingExpenses": 200000,
    "sellingGeneralAndAdministrativeExpenses": 649200000,
    "otherExpenses": 31400000,
    "operatingExpenses": 680600000,
    "costAndExpenses": 3008700000,
    "netInterestIncome": 0,
    "interestIncome": 0,
    "interestExpense": 2100000,
    "depreciationAndAmortization": 33800000,
    "ebitda": 265200000,
    "ebit": 231400000,
    "nonOperatingIncomeExcludingInterest": 0,
    "operatingIncome": 231400000,
    "totalOtherIncomeExpensesNet": -2100000,
    "incomeBeforeTax": 229300000,
    "incomeTaxExpense": 88500000,
    "netIncomeFromContinuingOperations": 140800000,
    "netIncomeFromDiscontinuedOperations": 0,
    "otherAdjustmentsToNetIncome": 0,
    "netIncome": 140800000,
    "netIncomeDeductions": 0,
    "bottomLineNetIncome": 140800000,
    "eps": 0.07,
    "epsDiluted": 0.07,
    "weightedAverageShsOut": 2011429000,
    "weightedAverageShsOutDil": 2011429000
  },
  {
    "date": "1994-07-31",
    "symbol": "HD",
    "reportedCurrency": "USD",
    "cik": "0000354950",
    "filingDate": "1994-08-30",
    "acceptedDate": "1994-08-30 00:00:00",
    "fiscalYear": "1994",
    "period": "Q2",
    "revenue": 3287000000,
    "costOfRevenue": 2361000000,
    "grossProfit": 926000000,
    "researchAndDevelopmentExpenses": 0,
    "generalAndAdministrativeExpenses": 604600000,
    "sellingAndMarketingExpenses": 0,
    "sellingGeneralAndAdministrativeExpenses": 604600000,
    "otherExpenses": 30200000,
    "operatingExpenses": 634800000,
    "costAndExpenses": 2995800000,
    "netInterestIncome": 0,
    "interestIncome": 0,
    "interestExpense": 1300000,
    "depreciationAndAmortization": 32000000,
    "ebitda": 323200000,
    "ebit": 291200000,
    "nonOperatingIncomeExcludingInterest": 0,
    "operatingIncome": 291200000,
    "totalOtherIncomeExpensesNet": -1300000,
    "incomeBeforeTax": 289900000,
    "incomeTaxExpense": 111900000,
    "netIncomeFromContinuingOperations": 178000000,
    "netIncomeFromDiscontinuedOperations": 0,
    "otherAdjustmentsToNetIncome": 0,
    "netIncome": 178000000,
    "netIncomeDeductions": 0,
    "bottomLineNetIncome": 178000000,
    "eps": 0.09,
    "epsDiluted": 0.09,
    "weightedAverageShsOut": 1977778000,
    "weightedAverageShsOutDil": 1977778000
  },
  {
    "date": "1994-05-01",
    "symbol": "HD",
    "reportedCurrency": "USD",
    "cik": "0000354950",
    "filingDate": "1994-06-06",
    "acceptedDate": "1994-06-06 00:00:00",
    "fiscalYear": "1994",
    "period": "Q1",
    "revenue": 2872100000,
    "costOfRevenue": 2035000000,
    "grossProfit": 837100000,
    "researchAndDevelopmentExpenses": 0,
    "generalAndAdministrativeExpenses": 581000000,
    "sellingAndMarketingExpenses": 0,
    "sellingGeneralAndAdministrativeExpenses": 581000000,
    "otherExpenses": 28400000,
    "operatingExpenses": 609400000,
    "costAndExpenses": 2644400000,
    "netInterestIncome": 0,
    "interestIncome": 0,
    "interestExpense": 100000,
    "depreciationAndAmortization": 28400000,
    "ebitda": 256100000,
    "ebit": 227700000,
    "nonOperatingIncomeExcludingInterest": 0,
    "operatingIncome": 227700000,
    "totalOtherIncomeExpensesNet": -100000,
    "incomeBeforeTax": 227600000,
    "incomeTaxExpense": 87900000,
    "netIncomeFromContinuingOperations": 139700000,
    "netIncomeFromDiscontinuedOperations": 0,
    "otherAdjustmentsToNetIncome": 0,
    "netIncome": 139700000,
    "netIncomeDeductions": 0,
    "bottomLineNetIncome": 139700000,
    "eps": 0.07,
    "epsDiluted": 0.07,
    "weightedAverageShsOut": 1995714000,
    "weightedAverageShsOutDil": 1995714000
  },
  {
    "date": "1994-01-31",
    "symbol": "HD",
    "reportedCurrency": "USD",
    "cik": "0000354950",
    "filingDate": "1994-04-22",
    "acceptedDate": "1994-04-22 00:00:00",
    "fiscalYear": "1993",
    "period": "Q4",
    "revenue": 2287500000,
    "costOfRevenue": 1599000000,
    "grossProfit": 688500000,
    "researchAndDevelopmentExpenses": 0,
    "generalAndAdministrativeExpenses": 0,
    "sellingAndMarketingExpenses": 0,
    "sellingGeneralAndAdministrativeExpenses": 488500000,
    "otherExpenses": 24800000,
    "operatingExpenses": 513300000,
    "costAndExpenses": 2112300000,
    "netInterestIncome": 0,
    "interestIncome": 0,
    "interestExpense": 0,
    "depreciationAndAmortization": 24800000,
    "ebitda": 200000000,
    "ebit": 175200000,
    "nonOperatingIncomeExcludingInterest": 0,
    "operatingIncome": 175200000,
    "totalOtherIncomeExpensesNet": 7200000,
    "incomeBeforeTax": 182400000,
    "incomeTaxExpense": 69700000,
    "netIncomeFromContinuingOperations": 112700000,
    "netIncomeFromDiscontinuedOperations": 0,
    "otherAdjustmentsToNetIncome": 0,
    "netIncome": 112700000,
    "netIncomeDeductions": 0,
    "bottomLineNetIncome": 112700000,
    "eps": 0.0545,
    "epsDiluted": 0.0545,
    "weightedAverageShsOut": 2068000000,
    "weightedAverageShsOutDil": 2068000000
  },
  {
    "date": "1993-10-31",
    "symbol": "HD",
    "reportedCurrency": "USD",
    "cik": "0000354950",
    "filingDate": "1993-10-31",
    "acceptedDate": "1993-10-31 00:00:00",
    "fiscalYear": "1993",
    "period": "Q3",
    "revenue": 2317400000,
    "costOfRevenue": 1669500000,
    "grossProfit": 647900000,
    "researchAndDevelopmentExpenses": 0,
    "generalAndAdministrativeExpenses": 0,
    "sellingAndMarketingExpenses": 0,
    "sellingGeneralAndAdministrativeExpenses": 461600000,
    "otherExpenses": 21700000,
    "operatingExpenses": 483300000,
    "costAndExpenses": 2152800000,
    "netInterestIncome": 0,
    "interestIncome": 0,
    "interestExpense": 0,
    "depreciationAndAmortization": 23000000,
    "ebitda": 187600000,
    "ebit": 164600000,
    "nonOperatingIncomeExcludingInterest": 0,
    "operatingIncome": 164600000,
    "totalOtherIncomeExpensesNet": 7200000,
    "incomeBeforeTax": 171800000,
    "incomeTaxExpense": 68400000,
    "netIncomeFromContinuingOperations": 103400000,
    "netIncomeFromDiscontinuedOperations": 0,
    "otherAdjustmentsToNetIncome": 0,
    "netIncome": 103400000,
    "netIncomeDeductions": 0,
    "bottomLineNetIncome": 103400000,
    "eps": 0.05,
    "epsDiluted": 0.05,
    "weightedAverageShsOut": 2068000000,
    "weightedAverageShsOutDil": 2068000000
  },
  {
    "date": "1993-07-31",
    "symbol": "HD",
    "reportedCurrency": "USD",
    "cik": "0000354950",
    "filingDate": "1993-07-31",
    "acceptedDate": "1993-07-31 00:00:00",
    "fiscalYear": "1993",
    "period": "Q2",
    "revenue": 2453800000,
    "costOfRevenue": 1770900000,
    "grossProfit": 682900000,
    "researchAndDevelopmentExpenses": 0,
    "generalAndAdministrativeExpenses": 0,
    "sellingAndMarketingExpenses": 0,
    "sellingGeneralAndAdministrativeExpenses": 455400000,
    "otherExpenses": 21000000,
    "operatingExpenses": 476400000,
    "costAndExpenses": 2247300000,
    "netInterestIncome": 0,
    "interestIncome": 0,
    "interestExpense": 0,
    "depreciationAndAmortization": 21500000,
    "ebitda": 228000000,
    "ebit": 206500000,
    "nonOperatingIncomeExcludingInterest": 0,
    "operatingIncome": 206500000,
    "totalOtherIncomeExpensesNet": 8700000,
    "incomeBeforeTax": 215200000,
    "incomeTaxExpense": 80700000,
    "netIncomeFromContinuingOperations": 134500000,
    "netIncomeFromDiscontinuedOperations": 0,
    "otherAdjustmentsToNetIncome": 0,
    "netIncome": 134500000,
    "netIncomeDeductions": 0,
    "bottomLineNetIncome": 134500000,
    "eps": 0.07,
    "epsDiluted": 0.07,
    "weightedAverageShsOut": 1921429000,
    "weightedAverageShsOutDil": 1921429000
  },
  {
    "date": "1993-04-30",
    "symbol": "HD",
    "reportedCurrency": "USD",
    "cik": "0000354950",
    "filingDate": "1993-04-30",
    "acceptedDate": "1993-04-30 00:00:00",
    "fiscalYear": "1993",
    "period": "Q1",
    "revenue": 2180200000,
    "costOfRevenue": 1558000000,
    "grossProfit": 622200000,
    "researchAndDevelopmentExpenses": 0,
    "generalAndAdministrativeExpenses": 0,
    "sellingAndMarketingExpenses": 0,
    "sellingGeneralAndAdministrativeExpenses": 441400000,
    "otherExpenses": 20500000,
    "operatingExpenses": 461900000,
    "costAndExpenses": 2019900000,
    "netInterestIncome": 0,
    "interestIncome": 0,
    "interestExpense": 0,
    "depreciationAndAmortization": 20500000,
    "ebitda": 180800000,
    "ebit": 160300000,
    "nonOperatingIncomeExcludingInterest": 0,
    "operatingIncome": 160300000,
    "totalOtherIncomeExpensesNet": 7200000,
    "incomeBeforeTax": 167500000,
    "incomeTaxExpense": 60700000,
    "netIncomeFromContinuingOperations": 106800000,
    "netIncomeFromDiscontinuedOperations": 0,
    "otherAdjustmentsToNetIncome": 0,
    "netIncome": 106800000,
    "netIncomeDeductions": 0,
    "bottomLineNetIncome": 106800000,
    "eps": 0.05,
    "epsDiluted": 0.05,
    "weightedAverageShsOut": 2136000000,
    "weightedAverageShsOutDil": 2136000000
  },
  {
    "date": "1993-01-31",
    "symbol": "HD",
    "reportedCurrency": "USD",
    "cik": "0000354950",
    "filingDate": "1993-01-31",
    "acceptedDate": "1993-01-31 00:00:00",
    "fiscalYear": "1992",
    "period": "Q4",
    "revenue": 1818400000,
    "costOfRevenue": 1274200000,
    "grossProfit": 544200000,
    "researchAndDevelopmentExpenses": 0,
    "generalAndAdministrativeExpenses": 0,
    "sellingAndMarketingExpenses": 0,
    "sellingGeneralAndAdministrativeExpenses": 378000000,
    "otherExpenses": 18800000,
    "operatingExpenses": 396800000,
    "costAndExpenses": 1671000000,
    "netInterestIncome": 0,
    "interestIncome": 0,
    "interestExpense": 0,
    "depreciationAndAmortization": 18800000,
    "ebitda": 166200000,
    "ebit": 147400000,
    "nonOperatingIncomeExcludingInterest": 0,
    "operatingIncome": 147400000,
    "totalOtherIncomeExpensesNet": 6800000,
    "incomeBeforeTax": 154200000,
    "incomeTaxExpense": 57000000,
    "netIncomeFromContinuingOperations": 97200000,
    "netIncomeFromDiscontinuedOperations": 0,
    "otherAdjustmentsToNetIncome": 0,
    "netIncome": 97200000,
    "netIncomeDeductions": 0,
    "bottomLineNetIncome": 97200000,
    "eps": 0.0576,
    "epsDiluted": 0.0576,
    "weightedAverageShsOut": 1688000000,
    "weightedAverageShsOutDil": 1688000000
  },
  {
    "date": "1992-10-31",
    "symbol": "HD",
    "reportedCurrency": "USD",
    "cik": "0000354950",
    "filingDate": "1992-10-31",
    "acceptedDate": "1992-10-31 00:00:00",
    "fiscalYear": "1992",
    "period": "Q3",
    "revenue": 1834000000,
    "costOfRevenue": 1321700000,
    "grossProfit": 512300000,
    "researchAndDevelopmentExpenses": 0,
    "generalAndAdministrativeExpenses": 0,
    "sellingAndMarketingExpenses": 0,
    "sellingGeneralAndAdministrativeExpenses": 370200000,
    "otherExpenses": 17200000,
    "operatingExpenses": 387400000,
    "costAndExpenses": 1709100000,
    "netInterestIncome": 0,
    "interestIncome": 0,
    "interestExpense": 0,
    "depreciationAndAmortization": 17200000,
    "ebitda": 142100000,
    "ebit": 124900000,
    "nonOperatingIncomeExcludingInterest": 0,
    "operatingIncome": 124900000,
    "totalOtherIncomeExpensesNet": 9000000,
    "incomeBeforeTax": 133900000,
    "incomeTaxExpense": 49500000,
    "netIncomeFromContinuingOperations": 84400000,
    "netIncomeFromDiscontinuedOperations": 0,
    "otherAdjustmentsToNetIncome": 0,
    "netIncome": 84400000,
    "netIncomeDeductions": 0,
    "bottomLineNetIncome": 84400000,
    "eps": 0.05,
    "epsDiluted": 0.05,
    "weightedAverageShsOut": 1688000000,
    "weightedAverageShsOutDil": 1688000000
  },
  {
    "date": "1992-07-31",
    "symbol": "HD",
    "reportedCurrency": "USD",
    "cik": "0000354950",
    "filingDate": "1992-07-31",
    "acceptedDate": "1992-07-31 00:00:00",
    "fiscalYear": "1992",
    "period": "Q2",
    "revenue": 1856400000,
    "costOfRevenue": 1335800000,
    "grossProfit": 520600000,
    "researchAndDevelopmentExpenses": 0,
    "generalAndAdministrativeExpenses": 0,
    "sellingAndMarketingExpenses": 0,
    "sellingGeneralAndAdministrativeExpenses": 348200000,
    "otherExpenses": 18200000,
    "operatingExpenses": 366400000,
    "costAndExpenses": 1702200000,
    "netInterestIncome": 0,
    "interestIncome": 0,
    "interestExpense": 0,
    "depreciationAndAmortization": 18200000,
    "ebitda": 172400000,
    "ebit": 154200000,
    "nonOperatingIncomeExcludingInterest": 0,
    "operatingIncome": 154200000,
    "totalOtherIncomeExpensesNet": 7900000,
    "incomeBeforeTax": 162100000,
    "incomeTaxExpense": 60200000,
    "netIncomeFromContinuingOperations": 101900000,
    "netIncomeFromDiscontinuedOperations": 0,
    "otherAdjustmentsToNetIncome": 0,
    "netIncome": 101900000,
    "netIncomeDeductions": 0,
    "bottomLineNetIncome": 101900000,
    "eps": 0.05,
    "epsDiluted": 0.05,
    "weightedAverageShsOut": 2038000000,
    "weightedAverageShsOutDil": 2038000000
  },
  {
    "date": "1992-04-30",
    "symbol": "HD",
    "reportedCurrency": "USD",
    "cik": "0000354950",
    "filingDate": "1992-04-30",
    "acceptedDate": "1992-04-30 00:00:00",
    "fiscalYear": "1992",
    "period": "Q1",
    "revenue": 1639600000,
    "costOfRevenue": 1178300000,
    "grossProfit": 461300000,
    "researchAndDevelopmentExpenses": 0,
    "generalAndAdministrativeExpenses": 0,
    "sellingAndMarketingExpenses": 0,
    "sellingGeneralAndAdministrativeExpenses": 318600000,
    "otherExpenses": 15300000,
    "operatingExpenses": 333900000,
    "costAndExpenses": 1512200000,
    "netInterestIncome": 0,
    "interestIncome": 0,
    "interestExpense": 1600000,
    "depreciationAndAmortization": 15300000,
    "ebitda": 142700000,
    "ebit": 127400000,
    "nonOperatingIncomeExcludingInterest": 0,
    "operatingIncome": 127400000,
    "totalOtherIncomeExpensesNet": -1600000,
    "incomeBeforeTax": 125800000,
    "incomeTaxExpense": 46300000,
    "netIncomeFromContinuingOperations": 79500000,
    "netIncomeFromDiscontinuedOperations": 0,
    "otherAdjustmentsToNetIncome": 0,
    "netIncome": 79500000,
    "netIncomeDeductions": 0,
    "bottomLineNetIncome": 79500000,
    "eps": 0.0324,
    "epsDiluted": 0.0324,
    "weightedAverageShsOut": 1909951000,
    "weightedAverageShsOutDil": 1909951000
  },
  {
    "date": "1992-01-31",
    "symbol": "HD",
    "reportedCurrency": "USD",
    "cik": "0000354950",
    "filingDate": "1992-01-31",
    "acceptedDate": "1992-01-31 00:00:00",
    "fiscalYear": "1991",
    "period": "Q4",
    "revenue": 1298700000,
    "costOfRevenue": 900100000,
    "grossProfit": 398600000,
    "researchAndDevelopmentExpenses": 0,
    "generalAndAdministrativeExpenses": 0,
    "sellingAndMarketingExpenses": 0,
    "sellingGeneralAndAdministrativeExpenses": 295500000,
    "otherExpenses": 14300000,
    "operatingExpenses": 309800000,
    "costAndExpenses": 1209900000,
    "netInterestIncome": 0,
    "interestIncome": 0,
    "interestExpense": 0,
    "depreciationAndAmortization": 14300000,
    "ebitda": 103100000,
    "ebit": 88800000,
    "nonOperatingIncomeExcludingInterest": 0,
    "operatingIncome": 88800000,
    "totalOtherIncomeExpensesNet": 17900000,
    "incomeBeforeTax": 106700000,
    "incomeTaxExpense": 39000000,
    "netIncomeFromContinuingOperations": 67700000,
    "netIncomeFromDiscontinuedOperations": 0,
    "otherAdjustmentsToNetIncome": 0,
    "netIncome": 67700000,
    "netIncomeDeductions": 0,
    "bottomLineNetIncome": 67700000,
    "eps": 0.0348,
    "epsDiluted": 0.0348,
    "weightedAverageShsOut": 1946667000,
    "weightedAverageShsOutDil": 1946667000
  },
  {
    "date": "1991-10-31",
    "symbol": "HD",
    "reportedCurrency": "USD",
    "cik": "0000354950",
    "filingDate": "1991-10-31",
    "acceptedDate": "1991-10-31 00:00:00",
    "fiscalYear": "1991",
    "period": "Q3",
    "revenue": 1298300000,
    "costOfRevenue": 919200000,
    "grossProfit": 379100000,
    "researchAndDevelopmentExpenses": 0,
    "generalAndAdministrativeExpenses": 0,
    "sellingAndMarketingExpenses": 0,
    "sellingGeneralAndAdministrativeExpenses": 271900000,
    "otherExpenses": 13700000,
    "operatingExpenses": 285600000,
    "costAndExpenses": 1204800000,
    "netInterestIncome": 0,
    "interestIncome": 0,
    "interestExpense": 400000,
    "depreciationAndAmortization": 13800000,
    "ebitda": 107300000,
    "ebit": 93500000,
    "nonOperatingIncomeExcludingInterest": 0,
    "operatingIncome": 93500000,
    "totalOtherIncomeExpensesNet": -400000,
    "incomeBeforeTax": 93100000,
    "incomeTaxExpense": 34700000,
    "netIncomeFromContinuingOperations": 58400000,
    "netIncomeFromDiscontinuedOperations": 0,
    "otherAdjustmentsToNetIncome": 0,
    "netIncome": 58400000,
    "netIncomeDeductions": 0,
    "bottomLineNetIncome": 58400000,
    "eps": 0.03,
    "epsDiluted": 0.03,
    "weightedAverageShsOut": 1946667000,
    "weightedAverageShsOutDil": 1946667000
  },
  {
    "date": "1991-07-31",
    "symbol": "HD",
    "reportedCurrency": "USD",
    "cik": "0000354950",
    "filingDate": "1991-07-31",
    "acceptedDate": "1991-07-31 00:00:00",
    "fiscalYear": "1991",
    "period": "Q2",
    "revenue": 1352800000,
    "costOfRevenue": 971100000,
    "grossProfit": 381700000,
    "researchAndDevelopmentExpenses": 0,
    "generalAndAdministrativeExpenses": 0,
    "sellingAndMarketingExpenses": 0,
    "sellingGeneralAndAdministrativeExpenses": 257500000,
    "otherExpenses": 12600000,
    "operatingExpenses": 270100000,
    "costAndExpenses": 1241200000,
    "netInterestIncome": 0,
    "interestIncome": 0,
    "interestExpense": 0,
    "depreciationAndAmortization": 12600000,
    "ebitda": 124200000,
    "ebit": 111600000,
    "nonOperatingIncomeExcludingInterest": 0,
    "operatingIncome": 111600000,
    "totalOtherIncomeExpensesNet": 2400000,
    "incomeBeforeTax": 114000000,
    "incomeTaxExpense": 42200000,
    "netIncomeFromContinuingOperations": 71800000,
    "netIncomeFromDiscontinuedOperations": 0,
    "otherAdjustmentsToNetIncome": 0,
    "netIncome": 71800000,
    "netIncomeDeductions": 0,
    "bottomLineNetIncome": 71800000,
    "eps": 0.04,
    "epsDiluted": 0.04,
    "weightedAverageShsOut": 1795000000,
    "weightedAverageShsOutDil": 1795000000
  },
  {
    "date": "1991-04-30",
    "symbol": "HD",
    "reportedCurrency": "USD",
    "cik": "0000354950",
    "filingDate": "1991-04-30",
    "acceptedDate": "1991-04-30 00:00:00",
    "fiscalYear": "1991",
    "period": "Q1",
    "revenue": 1186900000,
    "costOfRevenue": 849700000,
    "grossProfit": 337200000,
    "researchAndDevelopmentExpenses": 0,
    "generalAndAdministrativeExpenses": 0,
    "sellingAndMarketingExpenses": 0,
    "sellingGeneralAndAdministrativeExpenses": 237800000,
    "otherExpenses": 11600000,
    "operatingExpenses": 249400000,
    "costAndExpenses": 1099100000,
    "netInterestIncome": 0,
    "interestIncome": 0,
    "interestExpense": 5500000,
    "depreciationAndAmortization": 11600000,
    "ebitda": 99400000,
    "ebit": 87800000,
    "nonOperatingIncomeExcludingInterest": 0,
    "operatingIncome": 87800000,
    "totalOtherIncomeExpensesNet": -5500000,
    "incomeBeforeTax": 82300000,
    "incomeTaxExpense": 31000000,
    "netIncomeFromContinuingOperations": 51300000,
    "netIncomeFromDiscontinuedOperations": 0,
    "otherAdjustmentsToNetIncome": 0,
    "netIncome": 51300000,
    "netIncomeDeductions": 0,
    "bottomLineNetIncome": 51300000,
    "eps": 0.03,
    "epsDiluted": 0.03,
    "weightedAverageShsOut": 1710000000,
    "weightedAverageShsOutDil": 1710000000
  },
  {
    "date": "1991-01-31",
    "symbol": "HD",
    "reportedCurrency": "USD",
    "cik": "0000354950",
    "filingDate": "1991-01-31",
    "acceptedDate": "1991-01-31 00:00:00",
    "fiscalYear": "1990",
    "period": "Q4",
    "revenue": 1007600000,
    "costOfRevenue": 704700000,
    "grossProfit": 302900000,
    "researchAndDevelopmentExpenses": 0,
    "generalAndAdministrativeExpenses": 0,
    "sellingAndMarketingExpenses": 0,
    "sellingGeneralAndAdministrativeExpenses": 231700000,
    "otherExpenses": 10300000,
    "operatingExpenses": 242000000,
    "costAndExpenses": 946700000,
    "netInterestIncome": 0,
    "interestIncome": 0,
    "interestExpense": 0,
    "depreciationAndAmortization": 10300000,
    "ebitda": 71200000,
    "ebit": 60900000,
    "nonOperatingIncomeExcludingInterest": 0,
    "operatingIncome": 60900000,
    "totalOtherIncomeExpensesNet": 5300000,
    "incomeBeforeTax": 66200000,
    "incomeTaxExpense": 24800000,
    "netIncomeFromContinuingOperations": 41400000,
    "netIncomeFromDiscontinuedOperations": 0,
    "otherAdjustmentsToNetIncome": 0,
    "netIncome": 41400000,
    "netIncomeDeductions": 0,
    "bottomLineNetIncome": 41400000,
    "eps": 0.0344,
    "epsDiluted": 0.0344,
    "weightedAverageShsOut": 1203333000,
    "weightedAverageShsOutDil": 1203333000
  },
  {
    "date": "1990-10-31",
    "symbol": "HD",
    "reportedCurrency": "USD",
    "cik": "0000354950",
    "filingDate": "1990-10-31",
    "acceptedDate": "1990-10-31 00:00:00",
    "fiscalYear": "1990",
    "period": "Q3",
    "revenue": 936600000,
    "costOfRevenue": 669800000,
    "grossProfit": 266800000,
    "researchAndDevelopmentExpenses": 0,
    "generalAndAdministrativeExpenses": 0,
    "sellingAndMarketingExpenses": 0,
    "sellingGeneralAndAdministrativeExpenses": 197000000,
    "otherExpenses": 8000000,
    "operatingExpenses": 205000000,
    "costAndExpenses": 874800000,
    "netInterestIncome": 0,
    "interestIncome": 0,
    "interestExpense": 4500000,
    "depreciationAndAmortization": 8900000,
    "ebitda": 70700000,
    "ebit": 61800000,
    "nonOperatingIncomeExcludingInterest": 0,
    "operatingIncome": 61800000,
    "totalOtherIncomeExpensesNet": -4500000,
    "incomeBeforeTax": 57300000,
    "incomeTaxExpense": 21200000,
    "netIncomeFromContinuingOperations": 36100000,
    "netIncomeFromDiscontinuedOperations": 0,
    "otherAdjustmentsToNetIncome": 0,
    "netIncome": 36100000,
    "netIncomeDeductions": 0,
    "bottomLineNetIncome": 36100000,
    "eps": 0.03,
    "epsDiluted": 0.03,
    "weightedAverageShsOut": 1203333000,
    "weightedAverageShsOutDil": 1203333000
  },
  {
    "date": "1990-07-31",
    "symbol": "HD",
    "reportedCurrency": "USD",
    "cik": "0000354950",
    "filingDate": "1990-07-31",
    "acceptedDate": "1990-07-31 00:00:00",
    "fiscalYear": "1990",
    "period": "Q2",
    "revenue": 990300000,
    "costOfRevenue": 713100000,
    "grossProfit": 277200000,
    "researchAndDevelopmentExpenses": 0,
    "generalAndAdministrativeExpenses": 0,
    "sellingAndMarketingExpenses": 0,
    "sellingGeneralAndAdministrativeExpenses": 192600000,
    "otherExpenses": 8100000,
    "operatingExpenses": 200700000,
    "costAndExpenses": 913800000,
    "netInterestIncome": 0,
    "interestIncome": 0,
    "interestExpense": 1600000,
    "depreciationAndAmortization": 8000000,
    "ebitda": 84600000,
    "ebit": 76500000,
    "nonOperatingIncomeExcludingInterest": 0,
    "operatingIncome": 76500000,
    "totalOtherIncomeExpensesNet": -1600000,
    "incomeBeforeTax": 74900000,
    "incomeTaxExpense": 27700000,
    "netIncomeFromContinuingOperations": 47200000,
    "netIncomeFromDiscontinuedOperations": 0,
    "otherAdjustmentsToNetIncome": 0,
    "netIncome": 47200000,
    "netIncomeDeductions": 0,
    "bottomLineNetIncome": 47200000,
    "eps": 0.03,
    "epsDiluted": 0.03,
    "weightedAverageShsOut": 1573333000,
    "weightedAverageShsOutDil": 1573333000
  },
  {
    "date": "1990-04-30",
    "symbol": "HD",
    "reportedCurrency": "USD",
    "cik": "0000354950",
    "filingDate": "1990-04-30",
    "acceptedDate": "1990-04-30 00:00:00",
    "fiscalYear": "1990",
    "period": "Q1",
    "revenue": 880900000,
    "costOfRevenue": 630000000,
    "grossProfit": 250900000,
    "researchAndDevelopmentExpenses": 0,
    "generalAndAdministrativeExpenses": 0,
    "sellingAndMarketingExpenses": 0,
    "sellingGeneralAndAdministrativeExpenses": 181400000,
    "otherExpenses": 7200000,
    "operatingExpenses": 188600000,
    "costAndExpenses": 818600000,
    "netInterestIncome": 0,
    "interestIncome": 0,
    "interestExpense": 1000000,
    "depreciationAndAmortization": 7200000,
    "ebitda": 69500000,
    "ebit": 62300000,
    "nonOperatingIncomeExcludingInterest": 0,
    "operatingIncome": 62300000,
    "totalOtherIncomeExpensesNet": -1000000,
    "incomeBeforeTax": 61300000,
    "incomeTaxExpense": 22700000,
    "netIncomeFromContinuingOperations": 38600000,
    "netIncomeFromDiscontinuedOperations": 0,
    "otherAdjustmentsToNetIncome": 0,
    "netIncome": 38600000,
    "netIncomeDeductions": 0,
    "bottomLineNetIncome": 38600000,
    "eps": 0.03,
    "epsDiluted": 0.03,
    "weightedAverageShsOut": 1286667000,
    "weightedAverageShsOutDil": 1286667000
  },
  {
    "date": "1990-01-31",
    "symbol": "HD",
    "reportedCurrency": "USD",
    "cik": "0000354950",
    "filingDate": "1990-01-31",
    "acceptedDate": "1990-01-31 00:00:00",
    "fiscalYear": "1989",
    "period": "Q4",
    "revenue": 713200000,
    "costOfRevenue": 502300000,
    "grossProfit": 210900000,
    "researchAndDevelopmentExpenses": 0,
    "generalAndAdministrativeExpenses": 0,
    "sellingAndMarketingExpenses": 0,
    "sellingGeneralAndAdministrativeExpenses": 157200000,
    "otherExpenses": 6300000,
    "operatingExpenses": 163500000,
    "costAndExpenses": 665800000,
    "netInterestIncome": 0,
    "interestIncome": 0,
    "interestExpense": 400000,
    "depreciationAndAmortization": 6300000,
    "ebitda": 53700000,
    "ebit": 47400000,
    "nonOperatingIncomeExcludingInterest": 0,
    "operatingIncome": 47400000,
    "totalOtherIncomeExpensesNet": -400000,
    "incomeBeforeTax": 47000000,
    "incomeTaxExpense": 17400000,
    "netIncomeFromContinuingOperations": 29600000,
    "netIncomeFromDiscontinuedOperations": 0,
    "otherAdjustmentsToNetIncome": 0,
    "netIncome": 29600000,
    "netIncomeDeductions": 0,
    "bottomLineNetIncome": 29600000,
    "eps": 0.0231,
    "epsDiluted": 0.0231,
    "weightedAverageShsOut": 1280000000,
    "weightedAverageShsOutDil": 1280000000
  },
  {
    "date": "1989-10-31",
    "symbol": "HD",
    "reportedCurrency": "USD",
    "cik": "0000354950",
    "filingDate": "1989-10-31",
    "acceptedDate": "1989-10-31 00:00:00",
    "fiscalYear": "1989",
    "period": "Q3",
    "revenue": 699700000,
    "costOfRevenue": 502900000,
    "grossProfit": 196800000,
    "researchAndDevelopmentExpenses": 0,
    "generalAndAdministrativeExpenses": 0,
    "sellingAndMarketingExpenses": 0,
    "sellingGeneralAndAdministrativeExpenses": 149100000,
    "otherExpenses": 5300000,
    "operatingExpenses": 154400000,
    "costAndExpenses": 657300000,
    "netInterestIncome": 0,
    "interestIncome": 0,
    "interestExpense": 500000,
    "depreciationAndAmortization": 5300000,
    "ebitda": 47700000,
    "ebit": 42400000,
    "nonOperatingIncomeExcludingInterest": 0,
    "operatingIncome": 42400000,
    "totalOtherIncomeExpensesNet": -500000,
    "incomeBeforeTax": 41900000,
    "incomeTaxExpense": 16300000,
    "netIncomeFromContinuingOperations": 25600000,
    "netIncomeFromDiscontinuedOperations": 0,
    "otherAdjustmentsToNetIncome": 0,
    "netIncome": 25600000,
    "netIncomeDeductions": 0,
    "bottomLineNetIncome": 25600000,
    "eps": 0.02,
    "epsDiluted": 0.02,
    "weightedAverageShsOut": 1280000000,
    "weightedAverageShsOutDil": 1280000000
  },
  {
    "date": "1989-07-31",
    "symbol": "HD",
    "reportedCurrency": "USD",
    "cik": "0000354950",
    "filingDate": "1989-07-31",
    "acceptedDate": "1989-07-31 00:00:00",
    "fiscalYear": "1989",
    "period": "Q2",
    "revenue": 704000000,
    "costOfRevenue": 0,
    "grossProfit": 704000000,
    "researchAndDevelopmentExpenses": 0,
    "generalAndAdministrativeExpenses": 0,
    "sellingAndMarketingExpenses": 0,
    "sellingGeneralAndAdministrativeExpenses": 0,
    "otherExpenses": 0,
    "operatingExpenses": 0,
    "costAndExpenses": 0,
    "netInterestIncome": 0,
    "interestIncome": 0,
    "interestExpense": 0,
    "depreciationAndAmortization": 0,
    "ebitda": 704000000,
    "ebit": 704000000,
    "nonOperatingIncomeExcludingInterest": 0,
    "operatingIncome": 704000000,
    "totalOtherIncomeExpensesNet": -704000000,
    "incomeBeforeTax": 0,
    "incomeTaxExpense": 0,
    "netIncomeFromContinuingOperations": 30800000,
    "netIncomeFromDiscontinuedOperations": 0,
    "otherAdjustmentsToNetIncome": 0,
    "netIncome": 30800000,
    "netIncomeDeductions": 0,
    "bottomLineNetIncome": 30800000,
    "eps": 0.02,
    "epsDiluted": 0.02,
    "weightedAverageShsOut": 1535897000,
    "weightedAverageShsOutDil": 1535897000
  },
  {
    "date": "1989-04-30",
    "symbol": "HD",
    "reportedCurrency": "USD",
    "cik": "0000354950",
    "filingDate": "1989-04-30",
    "acceptedDate": "1989-04-30 00:00:00",
    "fiscalYear": "1989",
    "period": "Q1",
    "revenue": 641500000,
    "costOfRevenue": 0,
    "grossProfit": 641500000,
    "researchAndDevelopmentExpenses": 0,
    "generalAndAdministrativeExpenses": 0,
    "sellingAndMarketingExpenses": 0,
    "sellingGeneralAndAdministrativeExpenses": 0,
    "otherExpenses": 0,
    "operatingExpenses": 0,
    "costAndExpenses": 0,
    "netInterestIncome": 0,
    "interestIncome": 0,
    "interestExpense": 0,
    "depreciationAndAmortization": 0,
    "ebitda": 641500000,
    "ebit": 641500000,
    "nonOperatingIncomeExcludingInterest": 0,
    "operatingIncome": 641500000,
    "totalOtherIncomeExpensesNet": -641500000,
    "incomeBeforeTax": 0,
    "incomeTaxExpense": 0,
    "netIncomeFromContinuingOperations": 25900000,
    "netIncomeFromDiscontinuedOperations": 0,
    "otherAdjustmentsToNetIncome": 0,
    "netIncome": 25900000,
    "netIncomeDeductions": 0,
    "bottomLineNetIncome": 25900000,
    "eps": 0.02,
    "epsDiluted": 0.02,
    "weightedAverageShsOut": 1510378000,
    "weightedAverageShsOutDil": 1510378000
  },
  {
    "date": "1989-01-31",
    "symbol": "HD",
    "reportedCurrency": "USD",
    "cik": "0000354950",
    "filingDate": "1989-01-31",
    "acceptedDate": "1989-01-31 00:00:00",
    "fiscalYear": "1988",
    "period": "Q4",
    "revenue": 524800000,
    "costOfRevenue": 0,
    "grossProfit": 524800000,
    "researchAndDevelopmentExpenses": 0,
    "generalAndAdministrativeExpenses": 0,
    "sellingAndMarketingExpenses": 0,
    "sellingGeneralAndAdministrativeExpenses": 0,
    "otherExpenses": -1872800000,
    "operatingExpenses": -1872800000,
    "costAndExpenses": -1872800000,
    "netInterestIncome": 0,
    "interestIncome": 0,
    "interestExpense": 0,
    "depreciationAndAmortization": 0,
    "ebitda": -1348000000,
    "ebit": -1348000000,
    "nonOperatingIncomeExcludingInterest": 0,
    "operatingIncome": -1348100000,
    "totalOtherIncomeExpensesNet": 1474000000,
    "incomeBeforeTax": 0,
    "incomeTaxExpense": 0,
    "netIncomeFromContinuingOperations": 18900000,
    "netIncomeFromDiscontinuedOperations": 0,
    "otherAdjustmentsToNetIncome": 0,
    "netIncome": 18900000,
    "netIncomeDeductions": 0,
    "bottomLineNetIncome": 18900000,
    "eps": 0.0126,
    "epsDiluted": 0.0125,
    "weightedAverageShsOut": 1499030000,
    "weightedAverageShsOutDil": 1508063000
  },
  {
    "date": "1988-10-31",
    "symbol": "HD",
    "reportedCurrency": "USD",
    "cik": "0000354950",
    "filingDate": "1988-10-31",
    "acceptedDate": "1988-10-31 00:00:00",
    "fiscalYear": "1988",
    "period": "Q3",
    "revenue": 510000000,
    "costOfRevenue": 0,
    "grossProfit": 510000000,
    "researchAndDevelopmentExpenses": 0,
    "generalAndAdministrativeExpenses": 0,
    "sellingAndMarketingExpenses": 0,
    "sellingGeneralAndAdministrativeExpenses": 0,
    "otherExpenses": 0,
    "operatingExpenses": 0,
    "costAndExpenses": 0,
    "netInterestIncome": 0,
    "interestIncome": 0,
    "interestExpense": 0,
    "depreciationAndAmortization": 0,
    "ebitda": 510000000,
    "ebit": 510000000,
    "nonOperatingIncomeExcludingInterest": 0,
    "operatingIncome": 510000000,
    "totalOtherIncomeExpensesNet": -510000000,
    "incomeBeforeTax": 0,
    "incomeTaxExpense": 0,
    "netIncomeFromContinuingOperations": 17100000,
    "netIncomeFromDiscontinuedOperations": 0,
    "otherAdjustmentsToNetIncome": 0,
    "netIncome": 17100000,
    "netIncomeDeductions": 0,
    "bottomLineNetIncome": 17200000,
    "eps": 0.01,
    "epsDiluted": 0.01,
    "weightedAverageShsOut": 1508063000,
    "weightedAverageShsOutDil": 1508063000
  },
  {
    "date": "1988-07-31",
    "symbol": "HD",
    "reportedCurrency": "USD",
    "cik": "0000354950",
    "filingDate": "1988-07-31",
    "acceptedDate": "1988-07-31 00:00:00",
    "fiscalYear": "1988",
    "period": "Q2",
    "revenue": 518200000,
    "costOfRevenue": 0,
    "grossProfit": 518200000,
    "researchAndDevelopmentExpenses": 0,
    "generalAndAdministrativeExpenses": 0,
    "sellingAndMarketingExpenses": 0,
    "sellingGeneralAndAdministrativeExpenses": 0,
    "otherExpenses": 0,
    "operatingExpenses": 0,
    "costAndExpenses": 0,
    "netInterestIncome": 0,
    "interestIncome": 0,
    "interestExpense": 0,
    "depreciationAndAmortization": 0,
    "ebitda": 518200000,
    "ebit": 518200000,
    "nonOperatingIncomeExcludingInterest": 0,
    "operatingIncome": 518200000,
    "totalOtherIncomeExpensesNet": -518200000,
    "incomeBeforeTax": 0,
    "incomeTaxExpense": 0,
    "netIncomeFromContinuingOperations": 21500000,
    "netIncomeFromDiscontinuedOperations": 0,
    "otherAdjustmentsToNetIncome": 0,
    "netIncome": 21500000,
    "netIncomeDeductions": 0,
    "bottomLineNetIncome": 21500000,
    "eps": 0.0174,
    "epsDiluted": 0.0175,
    "weightedAverageShsOut": 1503561000,
    "weightedAverageShsOutDil": 1503561000
  },
  {
    "date": "1988-04-30",
    "symbol": "HD",
    "reportedCurrency": "USD",
    "cik": "0000354950",
    "filingDate": "1988-04-30",
    "acceptedDate": "1988-04-30 00:00:00",
    "fiscalYear": "1988",
    "period": "Q1",
    "revenue": 446600000,
    "costOfRevenue": 0,
    "grossProfit": 446600000,
    "researchAndDevelopmentExpenses": 0,
    "generalAndAdministrativeExpenses": 0,
    "sellingAndMarketingExpenses": 0,
    "sellingGeneralAndAdministrativeExpenses": 0,
    "otherExpenses": 0,
    "operatingExpenses": 0,
    "costAndExpenses": 0,
    "netInterestIncome": 0,
    "interestIncome": 0,
    "interestExpense": 0,
    "depreciationAndAmortization": 0,
    "ebitda": 446600000,
    "ebit": 446600000,
    "nonOperatingIncomeExcludingInterest": 0,
    "operatingIncome": 446600000,
    "totalOtherIncomeExpensesNet": -446600000,
    "incomeBeforeTax": 0,
    "incomeTaxExpense": 0,
    "netIncomeFromContinuingOperations": 19200000,
    "netIncomeFromDiscontinuedOperations": 0,
    "otherAdjustmentsToNetIncome": 0,
    "netIncome": 19200000,
    "netIncomeDeductions": 0,
    "bottomLineNetIncome": 19300000,
    "eps": 0.01,
    "epsDiluted": 0.01,
    "weightedAverageShsOut": 1488603000,
    "weightedAverageShsOutDil": 1488603000
  },
  {
    "date": "1988-01-31",
    "symbol": "HD",
    "reportedCurrency": "USD",
    "cik": "0000354950",
    "filingDate": "1988-01-31",
    "acceptedDate": "1988-01-31 00:00:00",
    "fiscalYear": "1987",
    "period": "Q4",
    "revenue": 374000000,
    "costOfRevenue": 0,
    "grossProfit": 374000000,
    "researchAndDevelopmentExpenses": 0,
    "generalAndAdministrativeExpenses": 0,
    "sellingAndMarketingExpenses": 0,
    "sellingGeneralAndAdministrativeExpenses": 0,
    "otherExpenses": -1355400000,
    "operatingExpenses": -1355400000,
    "costAndExpenses": -1355400000,
    "netInterestIncome": 0,
    "interestIncome": 0,
    "interestExpense": 0,
    "depreciationAndAmortization": 0,
    "ebitda": -981400000,
    "ebit": -981400000,
    "nonOperatingIncomeExcludingInterest": 0,
    "operatingIncome": -981400000,
    "totalOtherIncomeExpensesNet": 1076900000,
    "incomeBeforeTax": 0,
    "incomeTaxExpense": 0,
    "netIncomeFromContinuingOperations": 16000000,
    "netIncomeFromDiscontinuedOperations": 0,
    "otherAdjustmentsToNetIncome": 0,
    "netIncome": 16000000,
    "netIncomeDeductions": 0,
    "bottomLineNetIncome": 16000000,
    "eps": 0.0107,
    "epsDiluted": 0.0107,
    "weightedAverageShsOut": 1488603000,
    "weightedAverageShsOutDil": 1488603000
  },
  {
    "date": "1987-10-31",
    "symbol": "HD",
    "reportedCurrency": "USD",
    "cik": "0000354950",
    "filingDate": "1987-10-31",
    "acceptedDate": "1987-10-31 00:00:00",
    "fiscalYear": "1987",
    "period": "Q3",
    "revenue": 364200000,
    "costOfRevenue": 0,
    "grossProfit": 364200000,
    "researchAndDevelopmentExpenses": 0,
    "generalAndAdministrativeExpenses": 0,
    "sellingAndMarketingExpenses": 0,
    "sellingGeneralAndAdministrativeExpenses": 0,
    "otherExpenses": 0,
    "operatingExpenses": 0,
    "costAndExpenses": 0,
    "netInterestIncome": 0,
    "interestIncome": 0,
    "interestExpense": 0,
    "depreciationAndAmortization": 0,
    "ebitda": 364200000,
    "ebit": 364200000,
    "nonOperatingIncomeExcludingInterest": 0,
    "operatingIncome": 364200000,
    "totalOtherIncomeExpensesNet": 0,
    "incomeBeforeTax": 0,
    "incomeTaxExpense": 0,
    "netIncomeFromContinuingOperations": 9700000,
    "netIncomeFromDiscontinuedOperations": 0,
    "otherAdjustmentsToNetIncome": 0,
    "netIncome": 9700000,
    "netIncomeDeductions": 0,
    "bottomLineNetIncome": 9700000,
    "eps": 0.0093,
    "epsDiluted": 0.0093,
    "weightedAverageShsOut": 1488603000,
    "weightedAverageShsOutDil": 1488603000
  },
  {
    "date": "1987-07-31",
    "symbol": "HD",
    "reportedCurrency": "USD",
    "cik": "0000354950",
    "filingDate": "1987-07-31",
    "acceptedDate": "1987-07-31 00:00:00",
    "fiscalYear": "1987",
    "period": "Q2",
    "revenue": 381400000,
    "costOfRevenue": 0,
    "grossProfit": 381400000,
    "researchAndDevelopmentExpenses": 0,
    "generalAndAdministrativeExpenses": 0,
    "sellingAndMarketingExpenses": 0,
    "sellingGeneralAndAdministrativeExpenses": 0,
    "otherExpenses": 0,
    "operatingExpenses": 0,
    "costAndExpenses": 0,
    "netInterestIncome": 0,
    "interestIncome": 0,
    "interestExpense": 0,
    "depreciationAndAmortization": 0,
    "ebitda": 381400000,
    "ebit": 381400000,
    "nonOperatingIncomeExcludingInterest": 0,
    "operatingIncome": 381400000,
    "totalOtherIncomeExpensesNet": 0,
    "incomeBeforeTax": 0,
    "incomeTaxExpense": 0,
    "netIncomeFromContinuingOperations": 15600000,
    "netIncomeFromDiscontinuedOperations": 0,
    "otherAdjustmentsToNetIncome": 0,
    "netIncome": 15600000,
    "netIncomeDeductions": 0,
    "bottomLineNetIncome": 15600000,
    "eps": 0.01,
    "epsDiluted": 0.01,
    "weightedAverageShsOut": 1337747000,
    "weightedAverageShsOutDil": 1337747000
  },
  {
    "date": "1987-04-30",
    "symbol": "HD",
    "reportedCurrency": "USD",
    "cik": "0000354950",
    "filingDate": "1987-04-30",
    "acceptedDate": "1987-04-30 00:00:00",
    "fiscalYear": "1987",
    "period": "Q1",
    "revenue": 334000000,
    "costOfRevenue": 0,
    "grossProfit": 334000000,
    "researchAndDevelopmentExpenses": 0,
    "generalAndAdministrativeExpenses": 0,
    "sellingAndMarketingExpenses": 0,
    "sellingGeneralAndAdministrativeExpenses": 0,
    "otherExpenses": 0,
    "operatingExpenses": 0,
    "costAndExpenses": 0,
    "netInterestIncome": 0,
    "interestIncome": 0,
    "interestExpense": 0,
    "depreciationAndAmortization": 0,
    "ebitda": 334000000,
    "ebit": 334000000,
    "nonOperatingIncomeExcludingInterest": 0,
    "operatingIncome": 334000000,
    "totalOtherIncomeExpensesNet": 0,
    "incomeBeforeTax": 0,
    "incomeTaxExpense": 0,
    "netIncomeFromContinuingOperations": 12800000,
    "netIncomeFromDiscontinuedOperations": 0,
    "otherAdjustmentsToNetIncome": 0,
    "netIncome": 12800000,
    "netIncomeDeductions": 0,
    "bottomLineNetIncome": 12800000,
    "eps": 0.01,
    "epsDiluted": 0.01,
    "weightedAverageShsOut": 1262781000,
    "weightedAverageShsOutDil": 1262781000
  },
  {
    "date": "1987-01-31",
    "symbol": "HD",
    "reportedCurrency": "USD",
    "cik": "0000354950",
    "filingDate": "1987-01-31",
    "acceptedDate": "1987-01-31 00:00:00",
    "fiscalYear": "1986",
    "period": "Q4",
    "revenue": 273900000,
    "costOfRevenue": 0,
    "grossProfit": 273900000,
    "researchAndDevelopmentExpenses": 0,
    "generalAndAdministrativeExpenses": 0,
    "sellingAndMarketingExpenses": 0,
    "sellingGeneralAndAdministrativeExpenses": 0,
    "otherExpenses": -953200000,
    "operatingExpenses": -953200000,
    "costAndExpenses": 953200000,
    "netInterestIncome": 0,
    "interestIncome": 0,
    "interestExpense": 0,
    "depreciationAndAmortization": 0,
    "ebitda": -679300000,
    "ebit": -679300000,
    "nonOperatingIncomeExcludingInterest": 0,
    "operatingIncome": -679300000,
    "totalOtherIncomeExpensesNet": 726300000,
    "incomeBeforeTax": 0,
    "incomeTaxExpense": 0,
    "netIncomeFromContinuingOperations": 7700000,
    "netIncomeFromDiscontinuedOperations": 0,
    "otherAdjustmentsToNetIncome": 0,
    "netIncome": 7700000,
    "netIncomeDeductions": 0,
    "bottomLineNetIncome": 7700000,
    "eps": 0.0067,
    "epsDiluted": 0.0067,
    "weightedAverageShsOut": 1144429000,
    "weightedAverageShsOutDil": 1144429000
  },
  {
    "date": "1986-10-31",
    "symbol": "HD",
    "reportedCurrency": "USD",
    "cik": "0000354950",
    "filingDate": "1986-10-31",
    "acceptedDate": "1986-10-31 00:00:00",
    "fiscalYear": "1986",
    "period": "Q3",
    "revenue": 251500000,
    "costOfRevenue": 0,
    "grossProfit": 251500000,
    "researchAndDevelopmentExpenses": 0,
    "generalAndAdministrativeExpenses": 0,
    "sellingAndMarketingExpenses": 0,
    "sellingGeneralAndAdministrativeExpenses": 0,
    "otherExpenses": 0,
    "operatingExpenses": 0,
    "costAndExpenses": 0,
    "netInterestIncome": 0,
    "interestIncome": 0,
    "interestExpense": 0,
    "depreciationAndAmortization": 0,
    "ebitda": 251500000,
    "ebit": 251500000,
    "nonOperatingIncomeExcludingInterest": 0,
    "operatingIncome": 251500000,
    "totalOtherIncomeExpensesNet": -251500000,
    "incomeBeforeTax": 0,
    "incomeTaxExpense": 0,
    "netIncomeFromContinuingOperations": 3900000,
    "netIncomeFromDiscontinuedOperations": 0,
    "otherAdjustmentsToNetIncome": 0,
    "netIncome": 3900000,
    "netIncomeDeductions": 0,
    "bottomLineNetIncome": 3900000,
    "eps": 0.01,
    "epsDiluted": -0.0067,
    "weightedAverageShsOut": 1144429000,
    "weightedAverageShsOutDil": 1144429000
  },
  {
    "date": "1986-07-31",
    "symbol": "HD",
    "reportedCurrency": "USD",
    "cik": "0000354950",
    "filingDate": "1986-07-31",
    "acceptedDate": "1986-07-31 00:00:00",
    "fiscalYear": "1986",
    "period": "Q2",
    "revenue": 263400000,
    "costOfRevenue": 0,
    "grossProfit": 263400000,
    "researchAndDevelopmentExpenses": 0,
    "generalAndAdministrativeExpenses": 0,
    "sellingAndMarketingExpenses": 0,
    "sellingGeneralAndAdministrativeExpenses": 0,
    "otherExpenses": 0,
    "operatingExpenses": 0,
    "costAndExpenses": 0,
    "netInterestIncome": 0,
    "interestIncome": 0,
    "interestExpense": 0,
    "depreciationAndAmortization": 0,
    "ebitda": 263400000,
    "ebit": 263400000,
    "nonOperatingIncomeExcludingInterest": 0,
    "operatingIncome": 263400000,
    "totalOtherIncomeExpensesNet": -263400000,
    "incomeBeforeTax": 0,
    "incomeTaxExpense": 0,
    "netIncomeFromContinuingOperations": 7100000,
    "netIncomeFromDiscontinuedOperations": 0,
    "otherAdjustmentsToNetIncome": 0,
    "netIncome": 7100000,
    "netIncomeDeductions": 0,
    "bottomLineNetIncome": 7200000,
    "eps": 0.01,
    "epsDiluted": 0.01,
    "weightedAverageShsOut": 1144429000,
    "weightedAverageShsOutDil": 1144429000
  },
  {
    "date": "1986-04-30",
    "symbol": "HD",
    "reportedCurrency": "USD",
    "cik": "0000354950",
    "filingDate": "1986-04-30",
    "acceptedDate": "1986-04-30 00:00:00",
    "fiscalYear": "1986",
    "period": "Q1",
    "revenue": 222600000,
    "costOfRevenue": 0,
    "grossProfit": 222600000,
    "researchAndDevelopmentExpenses": 0,
    "generalAndAdministrativeExpenses": 0,
    "sellingAndMarketingExpenses": 0,
    "sellingGeneralAndAdministrativeExpenses": 0,
    "otherExpenses": 0,
    "operatingExpenses": 0,
    "costAndExpenses": 0,
    "netInterestIncome": 0,
    "interestIncome": 0,
    "interestExpense": 0,
    "depreciationAndAmortization": 0,
    "ebitda": 222600000,
    "ebit": 222600000,
    "nonOperatingIncomeExcludingInterest": 0,
    "operatingIncome": 222600000,
    "totalOtherIncomeExpensesNet": -222600000,
    "incomeBeforeTax": 0,
    "incomeTaxExpense": 0,
    "netIncomeFromContinuingOperations": 5100000,
    "netIncomeFromDiscontinuedOperations": 0,
    "otherAdjustmentsToNetIncome": 0,
    "netIncome": 5100000,
    "netIncomeDeductions": 0,
    "bottomLineNetIncome": 5100000,
    "eps": 0.01,
    "epsDiluted": 0.01,
    "weightedAverageShsOut": 1140631000,
    "weightedAverageShsOutDil": 1140631000
  },
  {
    "date": "1986-01-31",
    "symbol": "HD",
    "reportedCurrency": "USD",
    "cik": "0000354950",
    "filingDate": "1986-01-31",
    "acceptedDate": "1986-01-31 00:00:00",
    "fiscalYear": "1985",
    "period": "Q4",
    "revenue": 203700000,
    "costOfRevenue": 0,
    "grossProfit": 203700000,
    "researchAndDevelopmentExpenses": 0,
    "generalAndAdministrativeExpenses": 0,
    "sellingAndMarketingExpenses": 0,
    "sellingGeneralAndAdministrativeExpenses": 0,
    "otherExpenses": -681700000,
    "operatingExpenses": -681700000,
    "costAndExpenses": 681700000,
    "netInterestIncome": 0,
    "interestIncome": 0,
    "interestExpense": 0,
    "depreciationAndAmortization": 0,
    "ebitda": -478000000,
    "ebit": -478000000,
    "nonOperatingIncomeExcludingInterest": 0,
    "operatingIncome": -478000000,
    "totalOtherIncomeExpensesNet": 0,
    "incomeBeforeTax": 0,
    "incomeTaxExpense": 0,
    "netIncomeFromContinuingOperations": 2600000,
    "netIncomeFromDiscontinuedOperations": 0,
    "otherAdjustmentsToNetIncome": 0,
    "netIncome": 2600000,
    "netIncomeDeductions": 0,
    "bottomLineNetIncome": 2600000,
    "eps": 0.0023,
    "epsDiluted": 0.0023,
    "weightedAverageShsOut": 1137786000,
    "weightedAverageShsOutDil": 1137786000
  },
  {
    "date": "1985-10-31",
    "symbol": "HD",
    "reportedCurrency": "USD",
    "cik": "0000354950",
    "filingDate": "1985-10-31",
    "acceptedDate": "1985-10-31 00:00:00",
    "fiscalYear": "1985",
    "period": "Q3",
    "revenue": 177700000,
    "costOfRevenue": 0,
    "grossProfit": 177700000,
    "researchAndDevelopmentExpenses": 0,
    "generalAndAdministrativeExpenses": 0,
    "sellingAndMarketingExpenses": 0,
    "sellingGeneralAndAdministrativeExpenses": 0,
    "otherExpenses": 0,
    "operatingExpenses": 0,
    "costAndExpenses": 0,
    "netInterestIncome": 0,
    "interestIncome": 0,
    "interestExpense": 0,
    "depreciationAndAmortization": 0,
    "ebitda": 177700000,
    "ebit": 177700000,
    "nonOperatingIncomeExcludingInterest": 0,
    "operatingIncome": 177700000,
    "totalOtherIncomeExpensesNet": 0,
    "incomeBeforeTax": 0,
    "incomeTaxExpense": 0,
    "netIncomeFromContinuingOperations": 1200000,
    "netIncomeFromDiscontinuedOperations": 0,
    "otherAdjustmentsToNetIncome": 0,
    "netIncome": 1200000,
    "netIncomeDeductions": 0,
    "bottomLineNetIncome": 1200000,
    "eps": 0.01,
    "epsDiluted": 0.01,
    "weightedAverageShsOut": 1137786000,
    "weightedAverageShsOutDil": 1137786000
  }
]