[
  {
    "date": "2025-12-31",
    "symbol": "ABBV",
    "reportedCurrency": "USD",
    "cik": "0001551152",
    "filingDate": "2025-12-31",
    "acceptedDate": "2025-12-31 00:00:00",
    "fiscalYear": "2025",
    "period": "Q4",
    "revenue": 16618000000,
    "costOfRevenue": 2656000000,
    "grossProfit": 13962000000,
    "researchAndDevelopmentExpenses": 2579000000,
    "generalAndAdministrativeExpenses": 0,
    "sellingAndMarketingExpenses": 0,
    "sellingGeneralAndAdministrativeExpenses": 3895000000,
    "otherExpenses": 1679000000,
    "operatingExpenses": 8153000000,
    "costAndExpenses": 10809000000,
    "netInterestIncome": -655000000,
    "interestIncome": 0,
    "interestExpense": 655000000,
    "depreciationAndAmortization": 12710665000,
    "ebitda": 16033665000,
    "ebit": 3323000000,
    "nonOperatingIncomeExcludingInterest": 2486000000,
    "operatingIncome": 5809000000,
    "totalOtherIncomeExpensesNet": -3141000000,
    "incomeBeforeTax": 2668000000,
    "incomeTaxExpense": 853000000,
    "netIncomeFromContinuingOperations": 1815000000,
    "netIncomeFromDiscontinuedOperations": 0,
    "otherAdjustmentsToNetIncome": 0,
    "netIncome": 1816000000,
    "netIncomeDeductions": 0,
    "bottomLineNetIncome": 1816000000,
    "eps": 1.02,
    "epsDiluted": 1.02,
    "weightedAverageShsOut": 1780392000,
    "weightedAverageShsOutDil": 1774000000
  },
  {
    "date": "2025-09-30",
    "symbol": "ABBV",
    "reportedCurrency": "USD",
    "cik": "0001551152",
    "filingDate": "2025-11-04",
    "acceptedDate": "2025-11-04 14:05:49",
    "fiscalYear": "2025",
    "period": "Q3",
    "revenue": 15776000000,
    "costOfRevenue": 5304000000,
    "grossProfit": 10472000000,
    "researchAndDevelopmentExpenses": 2319000000,
    "generalAndAdministrativeExpenses": 0,
    "sellingAndMarketingExpenses": 0,
    "sellingGeneralAndAdministrativeExpenses": 3569000000,
    "otherExpenses": 2680000000,
    "operatingExpenses": 8568000000,
    "costAndExpenses": 13872000000,
    "netInterestIncome": -667000000,
    "interestIncome": 72000000,
    "interestExpense": 739000000,
    "depreciationAndAmortization": 2063000000,
    "ebitda": 3516000000,
    "ebit": 1453000000,
    "nonOperatingIncomeExcludingInterest": 451000000,
    "operatingIncome": 1904000000,
    "totalOtherIncomeExpensesNet": -1190000000,
    "incomeBeforeTax": 714000000,
    "incomeTaxExpense": 526000000,
    "netIncomeFromContinuingOperations": 188000000,
    "netIncomeFromDiscontinuedOperations": 0,
    "otherAdjustmentsToNetIncome": 0,
    "netIncome": 186000000,
    "netIncomeDeductions": 0,
    "bottomLineNetIncome": 176000000,
    "eps": 0.0995,
    "epsDiluted": 0.0993,
    "weightedAverageShsOut": 1772000000,
    "weightedAverageShsOutDil": 1772000000
  },
  {
    "date": "2025-06-30",
    "symbol": "ABBV",
    "reportedCurrency": "USD",
    "cik": "0001551152",
    "filingDate": "2025-08-04",
    "acceptedDate": "2025-08-04 15:17:04",
    "fiscalYear": "2025",
    "period": "Q2",
    "revenue": 15423000000,
    "costOfRevenue": 4346000000,
    "grossProfit": 11077000000,
    "researchAndDevelopmentExpenses": 2131000000,
    "generalAndAdministrativeExpenses": 0,
    "sellingAndMarketingExpenses": 0,
    "sellingGeneralAndAdministrativeExpenses": 3253000000,
    "otherExpenses": 799000000,
    "operatingExpenses": 6183000000,
    "costAndExpenses": 10529000000,
    "netInterestIncome": -678000000,
    "interestIncome": 62000000,
    "interestExpense": 740000000,
    "depreciationAndAmortization": 2050000000,
    "ebitda": 4344000000,
    "ebit": 2294000000,
    "nonOperatingIncomeExcludingInterest": 2600000000,
    "operatingIncome": 4894000000,
    "totalOtherIncomeExpensesNet": -3340000000,
    "incomeBeforeTax": 1554000000,
    "incomeTaxExpense": 613000000,
    "netIncomeFromContinuingOperations": 941000000,
    "netIncomeFromDiscontinuedOperations": 0,
    "otherAdjustmentsToNetIncome": 0,
    "netIncome": 938000000,
    "netIncomeDeductions": 0,
    "bottomLineNetIncome": 928000000,
    "eps": 0.53,
    "epsDiluted": 0.53,
    "weightedAverageShsOut": 1772000000,
    "weightedAverageShsOutDil": 1772000000
  },
  {
    "date": "2025-03-31",
    "symbol": "ABBV",
    "reportedCurrency": "USD",
    "cik": "0001551152",
    "filingDate": "2025-05-09",
    "acceptedDate": "2025-05-09 13:24:59",
    "fiscalYear": "2025",
    "period": "Q1",
    "revenue": 13343000000,
    "costOfRevenue": 4002000000,
    "grossProfit": 9341000000,
    "researchAndDevelopmentExpenses": 2067000000,
    "generalAndAdministrativeExpenses": 0,
    "sellingAndMarketingExpenses": 0,
    "sellingGeneralAndAdministrativeExpenses": 3293000000,
    "otherExpenses": 248000000,
    "operatingExpenses": 5608000000,
    "costAndExpenses": 9610000000,
    "netInterestIncome": -627000000,
    "interestIncome": 73000000,
    "interestExpense": 700000000,
    "depreciationAndAmortization": 2039000000,
    "ebitda": 4400000000,
    "ebit": 2361000000,
    "nonOperatingIncomeExcludingInterest": 1372000000,
    "operatingIncome": 3733000000,
    "totalOtherIncomeExpensesNet": -2072000000,
    "incomeBeforeTax": 1661000000,
    "incomeTaxExpense": 372000000,
    "netIncomeFromContinuingOperations": 1289000000,
    "netIncomeFromDiscontinuedOperations": 0,
    "otherAdjustmentsToNetIncome": 0,
    "netIncome": 1286000000,
    "netIncomeDeductions": 0,
    "bottomLineNetIncome": 1276000000,
    "eps": 0.72,
    "epsDiluted": 0.72,
    "weightedAverageShsOut": 1768000000,
    "weightedAverageShsOutDil": 1772000000
  },
  {
    "date": "2024-12-31",
    "symbol": "ABBV",
    "reportedCurrency": "USD",
    "cik": "0001551152",
    "filingDate": "2025-02-14",
    "acceptedDate": "2025-02-14 13:17:23",
    "fiscalYear": "2024",
    "period": "Q4",
    "revenue": 15102000000,
    "costOfRevenue": 4396000000,
    "grossProfit": 10706000000,
    "researchAndDevelopmentExpenses": 6774000000,
    "generalAndAdministrativeExpenses": 0,
    "sellingAndMarketingExpenses": 0,
    "sellingGeneralAndAdministrativeExpenses": 3855000000,
    "otherExpenses": 1567000000,
    "operatingExpenses": 12196000000,
    "costAndExpenses": 16592000000,
    "netInterestIncome": -610000000,
    "interestIncome": 92000000,
    "interestExpense": 702000000,
    "depreciationAndAmortization": 2102000000,
    "ebitda": 535000000,
    "ebit": -1567000000,
    "nonOperatingIncomeExcludingInterest": 77000000,
    "operatingIncome": -1490000000,
    "totalOtherIncomeExpensesNet": -779000000,
    "incomeBeforeTax": -2269000000,
    "incomeTaxExpense": -2246000000,
    "netIncomeFromContinuingOperations": -23000000,
    "netIncomeFromDiscontinuedOperations": 0,
    "otherAdjustmentsToNetIncome": 0,
    "netIncome": -22000000,
    "netIncomeDeductions": 0,
    "bottomLineNetIncome": -32000000,
    "eps": -0.0181,
    "epsDiluted": -0.0181,
    "weightedAverageShsOut": 1769000000,
    "weightedAverageShsOutDil": 1773000000
  },
  {
    "date": "2024-09-30",
    "symbol": "ABBV",
    "reportedCurrency": "USD",
    "cik": "0001551152",
    "filingDate": "2024-11-04",
    "acceptedDate": "2024-11-04 14:19:33",
    "fiscalYear": "2024",
    "period": "Q3",
    "revenue": 14460000000,
    "costOfRevenue": 4212000000,
    "grossProfit": 10248000000,
    "researchAndDevelopmentExpenses": 2130000000,
    "generalAndAdministrativeExpenses": 0,
    "sellingAndMarketingExpenses": 0,
    "sellingGeneralAndAdministrativeExpenses": 4205000000,
    "otherExpenses": 82000000,
    "operatingExpenses": 6417000000,
    "costAndExpenses": 10629000000,
    "netInterestIncome": -591000000,
    "interestIncome": 129000000,
    "interestExpense": 720000000,
    "depreciationAndAmortization": 2079000000,
    "ebitda": 4883000000,
    "ebit": 2804000000,
    "nonOperatingIncomeExcludingInterest": 1027000000,
    "operatingIncome": 3831000000,
    "totalOtherIncomeExpensesNet": -1747000000,
    "incomeBeforeTax": 2084000000,
    "incomeTaxExpense": 520000000,
    "netIncomeFromContinuingOperations": 1564000000,
    "netIncomeFromDiscontinuedOperations": 0,
    "otherAdjustmentsToNetIncome": 0,
    "netIncome": 1561000000,
    "netIncomeDeductions": 0,
    "bottomLineNetIncome": 1551000000,
    "eps": 0.88,
    "epsDiluted": 0.88,
    "weightedAverageShsOut": 1769000000,
    "weightedAverageShsOutDil": 1772000000
  },
  {
    "date": "2024-06-30",
    "symbol": "ABBV",
    "reportedCurrency": "USD",
    "cik": "0001551152",
    "filingDate": "2024-08-07",
    "acceptedDate": "2024-08-07 15:00:51",
    "fiscalYear": "2024",
    "period": "Q2",
    "revenue": 14462000000,
    "costOfRevenue": 4202000000,
    "grossProfit": 10260000000,
    "researchAndDevelopmentExpenses": 1948000000,
    "generalAndAdministrativeExpenses": 0,
    "sellingAndMarketingExpenses": 0,
    "sellingGeneralAndAdministrativeExpenses": 3377000000,
    "otherExpenses": 937000000,
    "operatingExpenses": 6262000000,
    "costAndExpenses": 10464000000,
    "netInterestIncome": -506000000,
    "interestIncome": 220000000,
    "interestExpense": 726000000,
    "depreciationAndAmortization": 2131000000,
    "ebitda": 5003000000,
    "ebit": 2872000000,
    "nonOperatingIncomeExcludingInterest": 1126000000,
    "operatingIncome": 3998000000,
    "totalOtherIncomeExpensesNet": -1852000000,
    "incomeBeforeTax": 2146000000,
    "incomeTaxExpense": 773000000,
    "netIncomeFromContinuingOperations": 1373000000,
    "netIncomeFromDiscontinuedOperations": 0,
    "otherAdjustmentsToNetIncome": 0,
    "netIncome": 1370000000,
    "netIncomeDeductions": 0,
    "bottomLineNetIncome": 1360000000,
    "eps": 0.77,
    "epsDiluted": 0.77,
    "weightedAverageShsOut": 1769000000,
    "weightedAverageShsOutDil": 1771000000
  },
  {
    "date": "2024-03-31",
    "symbol": "ABBV",
    "reportedCurrency": "USD",
    "cik": "0001551152",
    "filingDate": "2024-05-03",
    "acceptedDate": "2024-05-03 11:04:11",
    "fiscalYear": "2024",
    "period": "Q1",
    "revenue": 12310000000,
    "costOfRevenue": 4094000000,
    "grossProfit": 8216000000,
    "researchAndDevelopmentExpenses": 1939000000,
    "generalAndAdministrativeExpenses": 0,
    "sellingAndMarketingExpenses": 0,
    "sellingGeneralAndAdministrativeExpenses": 3315000000,
    "otherExpenses": 164000000,
    "operatingExpenses": 5418000000,
    "costAndExpenses": 9512000000,
    "netInterestIncome": -453000000,
    "interestIncome": 207000000,
    "interestExpense": 660000000,
    "depreciationAndAmortization": 2074000000,
    "ebitda": 4489000000,
    "ebit": 2415000000,
    "nonOperatingIncomeExcludingInterest": 383000000,
    "operatingIncome": 2798000000,
    "totalOtherIncomeExpensesNet": -1043000000,
    "incomeBeforeTax": 1755000000,
    "incomeTaxExpense": 383000000,
    "netIncomeFromContinuingOperations": 1372000000,
    "netIncomeFromDiscontinuedOperations": 0,
    "otherAdjustmentsToNetIncome": 0,
    "netIncome": 1369000000,
    "netIncomeDeductions": 0,
    "bottomLineNetIncome": 1359000000,
    "eps": 0.77,
    "epsDiluted": 0.77,
    "weightedAverageShsOut": 1769000000,
    "weightedAverageShsOutDil": 1773000000
  },
  {
    "date": "2023-12-31",
    "symbol": "ABBV",
    "reportedCurrency": "USD",
    "cik": "0001551152",
    "filingDate": "2024-02-20",
    "acceptedDate": "2024-02-20 12:45:17",
    "fiscalYear": "2023",
    "period": "Q4",
    "revenue": 14301000000,
    "costOfRevenue": 5704000000,
    "grossProfit": 8597000000,
    "researchAndDevelopmentExpenses": 2209000000,
    "generalAndAdministrativeExpenses": 0,
    "sellingAndMarketingExpenses": 0,
    "sellingGeneralAndAdministrativeExpenses": 3193000000,
    "otherExpenses": 0,
    "operatingExpenses": 5402000000,
    "costAndExpenses": 11106000000,
    "netInterestIncome": -378000000,
    "interestIncome": 186000000,
    "interestExpense": 564000000,
    "depreciationAndAmortization": 2076000000,
    "ebitda": 3852000000,
    "ebit": 1776000000,
    "nonOperatingIncomeExcludingInterest": 1419000000,
    "operatingIncome": 3195000000,
    "totalOtherIncomeExpensesNet": -1983000000,
    "incomeBeforeTax": 1212000000,
    "incomeTaxExpense": 388000000,
    "netIncomeFromContinuingOperations": 824000000,
    "netIncomeFromDiscontinuedOperations": 0,
    "otherAdjustmentsToNetIncome": 0,
    "netIncome": 822000000,
    "netIncomeDeductions": 0,
    "bottomLineNetIncome": 811000000,
    "eps": 0.46,
    "epsDiluted": 0.46,
    "weightedAverageShsOut": 1765940733,
    "weightedAverageShsOutDil": 1772000000
  },
  {
    "date": "2023-09-30",
    "symbol": "ABBV",
    "reportedCurrency": "USD",
    "cik": "0001551152",
    "filingDate": "2023-11-06",
    "acceptedDate": "2023-11-06 13:01:04",
    "fiscalYear": "2023",
    "period": "Q3",
    "revenue": 13927000000,
    "costOfRevenue": 6485000000,
    "grossProfit": 7442000000,
    "researchAndDevelopmentExpenses": 1723000000,
    "generalAndAdministrativeExpenses": 0,
    "sellingAndMarketingExpenses": 0,
    "sellingGeneralAndAdministrativeExpenses": 3372000000,
    "otherExpenses": 66000000,
    "operatingExpenses": 5161000000,
    "costAndExpenses": 11646000000,
    "netInterestIncome": -398000000,
    "interestIncome": 157000000,
    "interestExpense": 555000000,
    "depreciationAndAmortization": 2235000000,
    "ebitda": 4743000000,
    "ebit": 2508000000,
    "nonOperatingIncomeExcludingInterest": -227000000,
    "operatingIncome": 2281000000,
    "totalOtherIncomeExpensesNet": -328000000,
    "incomeBeforeTax": 1953000000,
    "incomeTaxExpense": 172000000,
    "netIncomeFromContinuingOperations": 1781000000,
    "netIncomeFromDiscontinuedOperations": 0,
    "otherAdjustmentsToNetIncome": 0,
    "netIncome": 1778000000,
    "netIncomeDeductions": 0,
    "bottomLineNetIncome": 1767000000,
    "eps": 1,
    "epsDiluted": 1,
    "weightedAverageShsOut": 1767000000,
    "weightedAverageShsOutDil": 1771000000
  },
  {
    "date": "2023-06-30",
    "symbol": "ABBV",
    "reportedCurrency": "USD",
    "cik": "0001551152",
    "filingDate": "2023-08-07",
    "acceptedDate": "2023-08-07 13:10:46",
    "fiscalYear": "2023",
    "period": "Q2",
    "revenue": 13865000000,
    "costOfRevenue": 4240000000,
    "grossProfit": 9625000000,
    "researchAndDevelopmentExpenses": 1733000000,
    "generalAndAdministrativeExpenses": 0,
    "sellingAndMarketingExpenses": 0,
    "sellingGeneralAndAdministrativeExpenses": 3268000000,
    "otherExpenses": 111000000,
    "operatingExpenses": 5112000000,
    "costAndExpenses": 9352000000,
    "netInterestIncome": -454000000,
    "interestIncome": 98000000,
    "interestExpense": 552000000,
    "depreciationAndAmortization": 2260000000,
    "ebitda": 5422000000,
    "ebit": 3162000000,
    "nonOperatingIncomeExcludingInterest": 1351000000,
    "operatingIncome": 4513000000,
    "totalOtherIncomeExpensesNet": -1903000000,
    "incomeBeforeTax": 2610000000,
    "incomeTaxExpense": 583000000,
    "netIncomeFromContinuingOperations": 2027000000,
    "netIncomeFromDiscontinuedOperations": 0,
    "otherAdjustmentsToNetIncome": 0,
    "netIncome": 2024000000,
    "netIncomeDeductions": 0,
    "bottomLineNetIncome": 2013000000,
    "eps": 1.14,
    "epsDiluted": 1.14,
    "weightedAverageShsOut": 1767000000,
    "weightedAverageShsOutDil": 1771000000
  },
  {
    "date": "2023-03-31",
    "symbol": "ABBV",
    "reportedCurrency": "USD",
    "cik": "0001551152",
    "filingDate": "2023-05-05",
    "acceptedDate": "2023-05-05 12:54:58",
    "fiscalYear": "2023",
    "period": "Q1",
    "revenue": 12225000000,
    "costOfRevenue": 3986000000,
    "grossProfit": 8239000000,
    "researchAndDevelopmentExpenses": 2292000000,
    "generalAndAdministrativeExpenses": 0,
    "sellingAndMarketingExpenses": 0,
    "sellingGeneralAndAdministrativeExpenses": 3039000000,
    "otherExpenses": 140000000,
    "operatingExpenses": 5471000000,
    "costAndExpenses": 9457000000,
    "netInterestIncome": -454000000,
    "interestIncome": 99000000,
    "interestExpense": 553000000,
    "depreciationAndAmortization": 2127000000,
    "ebitda": 3155000000,
    "ebit": 1028000000,
    "nonOperatingIncomeExcludingInterest": 1740000000,
    "operatingIncome": 2768000000,
    "totalOtherIncomeExpensesNet": -2293000000,
    "incomeBeforeTax": 475000000,
    "incomeTaxExpense": 234000000,
    "netIncomeFromContinuingOperations": 241000000,
    "netIncomeFromDiscontinuedOperations": 0,
    "otherAdjustmentsToNetIncome": 0,
    "netIncome": 239000000,
    "netIncomeDeductions": 0,
    "bottomLineNetIncome": 228000000,
    "eps": 0.13,
    "epsDiluted": 0.13,
    "weightedAverageShsOut": 1770000000,
    "weightedAverageShsOutDil": 1776000000
  },
  {
    "date": "2022-12-31",
    "symbol": "ABBV",
    "reportedCurrency": "USD",
    "cik": "0001551152",
    "filingDate": "2023-02-17",
    "acceptedDate": "2023-02-17 12:54:29",
    "fiscalYear": "2022",
    "period": "Q4",
    "revenue": 15121000000,
    "costOfRevenue": 4170000000,
    "grossProfit": 10951000000,
    "researchAndDevelopmentExpenses": 2033000000,
    "generalAndAdministrativeExpenses": 0,
    "sellingAndMarketingExpenses": 0,
    "sellingGeneralAndAdministrativeExpenses": 3417000000,
    "otherExpenses": -1000000,
    "operatingExpenses": 5449000000,
    "costAndExpenses": 9619000000,
    "netInterestIncome": -476000000,
    "interestIncome": 90000000,
    "interestExpense": 566000000,
    "depreciationAndAmortization": 2157000000,
    "ebitda": 5688000000,
    "ebit": 3531000000,
    "nonOperatingIncomeExcludingInterest": 1971000000,
    "operatingIncome": 5502000000,
    "totalOtherIncomeExpensesNet": -2537000000,
    "incomeBeforeTax": 2965000000,
    "incomeTaxExpense": 493000000,
    "netIncomeFromContinuingOperations": 2472000000,
    "netIncomeFromDiscontinuedOperations": 0,
    "otherAdjustmentsToNetIncome": 0,
    "netIncome": 2473000000,
    "netIncomeDeductions": 0,
    "bottomLineNetIncome": 2462000000,
    "eps": 1.4,
    "epsDiluted": 1.39,
    "weightedAverageShsOut": 1769181000,
    "weightedAverageShsOutDil": 1778000000
  },
  {
    "date": "2022-09-30",
    "symbol": "ABBV",
    "reportedCurrency": "USD",
    "cik": "0001551152",
    "filingDate": "2022-11-04",
    "acceptedDate": "2022-11-04 13:07:23",
    "fiscalYear": "2022",
    "period": "Q3",
    "revenue": 14812000000,
    "costOfRevenue": 5022000000,
    "grossProfit": 9790000000,
    "researchAndDevelopmentExpenses": 1654000000,
    "generalAndAdministrativeExpenses": 0,
    "sellingAndMarketingExpenses": 0,
    "sellingGeneralAndAdministrativeExpenses": 3304000000,
    "otherExpenses": 229000000,
    "operatingExpenses": 5187000000,
    "costAndExpenses": 10209000000,
    "netInterestIncome": -497000000,
    "interestIncome": 63000000,
    "interestExpense": 560000000,
    "depreciationAndAmortization": 2205000000,
    "ebitda": 7165000000,
    "ebit": 4960000000,
    "nonOperatingIncomeExcludingInterest": -357000000,
    "operatingIncome": 4603000000,
    "totalOtherIncomeExpensesNet": -203000000,
    "incomeBeforeTax": 4400000000,
    "incomeTaxExpense": 448000000,
    "netIncomeFromContinuingOperations": 3952000000,
    "netIncomeFromDiscontinuedOperations": 0,
    "otherAdjustmentsToNetIncome": 0,
    "netIncome": 3949000000,
    "netIncomeDeductions": 0,
    "bottomLineNetIncome": 3931000000,
    "eps": 2.23,
    "epsDiluted": 2.22,
    "weightedAverageShsOut": 1771000000,
    "weightedAverageShsOutDil": 1776000000
  },
  {
    "date": "2022-06-30",
    "symbol": "ABBV",
    "reportedCurrency": "USD",
    "cik": "0001551152",
    "filingDate": "2022-08-04",
    "acceptedDate": "2022-08-04 15:57:33",
    "fiscalYear": "2022",
    "period": "Q2",
    "revenue": 14583000000,
    "costOfRevenue": 4170000000,
    "grossProfit": 10413000000,
    "researchAndDevelopmentExpenses": 1878000000,
    "generalAndAdministrativeExpenses": 0,
    "sellingAndMarketingExpenses": 0,
    "sellingGeneralAndAdministrativeExpenses": 5412000000,
    "otherExpenses": -172000000,
    "operatingExpenses": 7118000000,
    "costAndExpenses": 11288000000,
    "netInterestIncome": -532000000,
    "interestIncome": 24000000,
    "interestExpense": 556000000,
    "depreciationAndAmortization": 2052000000,
    "ebitda": 3791000000,
    "ebit": 1739000000,
    "nonOperatingIncomeExcludingInterest": 1556000000,
    "operatingIncome": 3295000000,
    "totalOtherIncomeExpensesNet": -2112000000,
    "incomeBeforeTax": 1183000000,
    "incomeTaxExpense": 255000000,
    "netIncomeFromContinuingOperations": 928000000,
    "netIncomeFromDiscontinuedOperations": 0,
    "otherAdjustmentsToNetIncome": 0,
    "netIncome": 924000000,
    "netIncomeDeductions": 0,
    "bottomLineNetIncome": 913000000,
    "eps": 0.52,
    "epsDiluted": 0.51,
    "weightedAverageShsOut": 1770000000,
    "weightedAverageShsOutDil": 1776000000
  },
  {
    "date": "2022-03-31",
    "symbol": "ABBV",
    "reportedCurrency": "USD",
    "cik": "0001551152",
    "filingDate": "2022-05-06",
    "acceptedDate": "2022-05-06 12:51:05",
    "fiscalYear": "2022",
    "period": "Q1",
    "revenue": 13538000000,
    "costOfRevenue": 4052000000,
    "grossProfit": 9486000000,
    "researchAndDevelopmentExpenses": 1642000000,
    "generalAndAdministrativeExpenses": 0,
    "sellingAndMarketingExpenses": 0,
    "sellingGeneralAndAdministrativeExpenses": 3127000000,
    "otherExpenses": 0,
    "operatingExpenses": 4769000000,
    "costAndExpenses": 8821000000,
    "netInterestIncome": -539000000,
    "interestIncome": 9000000,
    "interestExpense": 548000000,
    "depreciationAndAmortization": 2053000000,
    "ebitda": 7530000000,
    "ebit": 5477000000,
    "nonOperatingIncomeExcludingInterest": -760000000,
    "operatingIncome": 4717000000,
    "totalOtherIncomeExpensesNet": 212000000,
    "incomeBeforeTax": 4929000000,
    "incomeTaxExpense": 436000000,
    "netIncomeFromContinuingOperations": 4493000000,
    "netIncomeFromDiscontinuedOperations": 0,
    "otherAdjustmentsToNetIncome": 0,
    "netIncome": 4490000000,
    "netIncomeDeductions": 0,
    "bottomLineNetIncome": 4475000000,
    "eps": 2.54,
    "epsDiluted": 2.53,
    "weightedAverageShsOut": 1771000000,
    "weightedAverageShsOutDil": 1778000000
  },
  {
    "date": "2021-12-31",
    "symbol": "ABBV",
    "reportedCurrency": "USD",
    "cik": "0001551152",
    "filingDate": "2022-02-18",
    "acceptedDate": "2022-02-18 12:41:31",
    "fiscalYear": "2021",
    "period": "Q4",
    "revenue": 14886000000,
    "costOfRevenue": 4320000000,
    "grossProfit": 10566000000,
    "researchAndDevelopmentExpenses": 2232000000,
    "generalAndAdministrativeExpenses": 0,
    "sellingAndMarketingExpenses": 0,
    "sellingGeneralAndAdministrativeExpenses": 3260000000,
    "otherExpenses": 0,
    "operatingExpenses": 5492000000,
    "costAndExpenses": 9812000000,
    "netInterestIncome": -571000000,
    "interestIncome": 9000000,
    "interestExpense": 580000000,
    "depreciationAndAmortization": 1979000000,
    "ebitda": 6830000000,
    "ebit": 4851000000,
    "nonOperatingIncomeExcludingInterest": 223000000,
    "operatingIncome": 5074000000,
    "totalOtherIncomeExpensesNet": -803000000,
    "incomeBeforeTax": 4271000000,
    "incomeTaxExpense": 226000000,
    "netIncomeFromContinuingOperations": 4045000000,
    "netIncomeFromDiscontinuedOperations": 0,
    "otherAdjustmentsToNetIncome": 0,
    "netIncome": 4044000000,
    "netIncomeDeductions": 0,
    "bottomLineNetIncome": 4023000000,
    "eps": 2.29,
    "epsDiluted": 2.26,
    "weightedAverageShsOut": 1768338000,
    "weightedAverageShsOutDil": 1778000000
  },
  {
    "date": "2021-09-30",
    "symbol": "ABBV",
    "reportedCurrency": "USD",
    "cik": "0001551152",
    "filingDate": "2021-11-02",
    "acceptedDate": "2021-11-02 12:52:31",
    "fiscalYear": "2021",
    "period": "Q3",
    "revenue": 14342000000,
    "costOfRevenue": 4390000000,
    "grossProfit": 9952000000,
    "researchAndDevelopmentExpenses": 2063000000,
    "generalAndAdministrativeExpenses": 0,
    "sellingAndMarketingExpenses": 0,
    "sellingGeneralAndAdministrativeExpenses": 3083000000,
    "otherExpenses": 500000000,
    "operatingExpenses": 5646000000,
    "costAndExpenses": 10036000000,
    "netInterestIncome": -585000000,
    "interestIncome": 11000000,
    "interestExpense": 596000000,
    "depreciationAndAmortization": 2127000000,
    "ebitda": 6411000000,
    "ebit": 4284000000,
    "nonOperatingIncomeExcludingInterest": 22000000,
    "operatingIncome": 4306000000,
    "totalOtherIncomeExpensesNet": -618000000,
    "incomeBeforeTax": 3688000000,
    "incomeTaxExpense": 508000000,
    "netIncomeFromContinuingOperations": 3180000000,
    "netIncomeFromDiscontinuedOperations": 0,
    "otherAdjustmentsToNetIncome": 0,
    "netIncome": 3179000000,
    "netIncomeDeductions": 0,
    "bottomLineNetIncome": 3158000000,
    "eps": 1.78,
    "epsDiluted": 1.78,
    "weightedAverageShsOut": 1770000000,
    "weightedAverageShsOutDil": 1777000000
  },
  {
    "date": "2021-06-30",
    "symbol": "ABBV",
    "reportedCurrency": "USD",
    "cik": "0001551152",
    "filingDate": "2021-08-02",
    "acceptedDate": "2021-08-02 13:28:20",
    "fiscalYear": "2021",
    "period": "Q2",
    "revenue": 13959000000,
    "costOfRevenue": 4523000000,
    "grossProfit": 9436000000,
    "researchAndDevelopmentExpenses": 1899000000,
    "generalAndAdministrativeExpenses": 0,
    "sellingAndMarketingExpenses": 0,
    "sellingGeneralAndAdministrativeExpenses": 3164000000,
    "otherExpenses": -68000000,
    "operatingExpenses": 4995000000,
    "costAndExpenses": 9518000000,
    "netInterestIncome": -606000000,
    "interestIncome": 9000000,
    "interestExpense": 615000000,
    "depreciationAndAmortization": 2200000000,
    "ebitda": 3978000000,
    "ebit": 1778000000,
    "nonOperatingIncomeExcludingInterest": 2663000000,
    "operatingIncome": 4441000000,
    "totalOtherIncomeExpensesNet": -3278000000,
    "incomeBeforeTax": 1163000000,
    "incomeTaxExpense": 394000000,
    "netIncomeFromContinuingOperations": 769000000,
    "netIncomeFromDiscontinuedOperations": 0,
    "otherAdjustmentsToNetIncome": 0,
    "netIncome": 766000000,
    "netIncomeDeductions": 2000000,
    "bottomLineNetIncome": 749000000,
    "eps": 0.42,
    "epsDiluted": 0.42,
    "weightedAverageShsOut": 1769000000,
    "weightedAverageShsOutDil": 1776000000
  },
  {
    "date": "2021-03-31",
    "symbol": "ABBV",
    "reportedCurrency": "USD",
    "cik": "0001551152",
    "filingDate": "2021-05-07",
    "acceptedDate": "2021-05-07 10:14:00",
    "fiscalYear": "2021",
    "period": "Q1",
    "revenue": 13010000000,
    "costOfRevenue": 4213000000,
    "grossProfit": 8797000000,
    "researchAndDevelopmentExpenses": 1852000000,
    "generalAndAdministrativeExpenses": 0,
    "sellingAndMarketingExpenses": 0,
    "sellingGeneralAndAdministrativeExpenses": 2842000000,
    "otherExpenses": 0,
    "operatingExpenses": 4694000000,
    "costAndExpenses": 8907000000,
    "netInterestIncome": -622000000,
    "interestIncome": 10000000,
    "interestExpense": 632000000,
    "depreciationAndAmortization": 2215000000,
    "ebitda": 6714000000,
    "ebit": 4499000000,
    "nonOperatingIncomeExcludingInterest": -396000000,
    "operatingIncome": 4103000000,
    "totalOtherIncomeExpensesNet": -236000000,
    "incomeBeforeTax": 3867000000,
    "incomeTaxExpense": 312000000,
    "netIncomeFromContinuingOperations": 3555000000,
    "netIncomeFromDiscontinuedOperations": 0,
    "otherAdjustmentsToNetIncome": 0,
    "netIncome": 3553000000,
    "netIncomeDeductions": 7000000,
    "bottomLineNetIncome": 3529000000,
    "eps": 2,
    "epsDiluted": 1.99,
    "weightedAverageShsOut": 1769000000,
    "weightedAverageShsOutDil": 1775000000
  },
  {
    "date": "2020-12-31",
    "symbol": "ABBV",
    "reportedCurrency": "USD",
    "cik": "0001551152",
    "filingDate": "2021-02-19",
    "acceptedDate": "2021-02-19 14:05:43",
    "fiscalYear": "2020",
    "period": "Q4",
    "revenue": 13858000000,
    "costOfRevenue": 4684000000,
    "grossProfit": 9174000000,
    "researchAndDevelopmentExpenses": 2190000000,
    "generalAndAdministrativeExpenses": 0,
    "sellingAndMarketingExpenses": 0,
    "sellingGeneralAndAdministrativeExpenses": 3231000000,
    "otherExpenses": 0,
    "operatingExpenses": 5421000000,
    "costAndExpenses": 10105000000,
    "netInterestIncome": -618000000,
    "interestIncome": 11000000,
    "interestExpense": 629000000,
    "depreciationAndAmortization": 2065000000,
    "ebitda": 1187000000,
    "ebit": -878000000,
    "nonOperatingIncomeExcludingInterest": 4631000000,
    "operatingIncome": 3753000000,
    "totalOtherIncomeExpensesNet": -5260000000,
    "incomeBeforeTax": -1507000000,
    "incomeTaxExpense": -1545000000,
    "netIncomeFromContinuingOperations": 38000000,
    "netIncomeFromDiscontinuedOperations": 0,
    "otherAdjustmentsToNetIncome": 0,
    "netIncome": 36000000,
    "netIncomeDeductions": 0,
    "bottomLineNetIncome": 20000000,
    "eps": 0.0113,
    "epsDiluted": 0.0113,
    "weightedAverageShsOut": 1769000000,
    "weightedAverageShsOutDil": 1781000000
  },
  {
    "date": "2020-09-30",
    "symbol": "ABBV",
    "reportedCurrency": "USD",
    "cik": "0001551152",
    "filingDate": "2020-11-04",
    "acceptedDate": "2020-11-04 09:53:25",
    "fiscalYear": "2020",
    "period": "Q3",
    "revenue": 12902000000,
    "costOfRevenue": 5050000000,
    "grossProfit": 7852000000,
    "researchAndDevelopmentExpenses": 1751000000,
    "generalAndAdministrativeExpenses": 0,
    "sellingAndMarketingExpenses": 0,
    "sellingGeneralAndAdministrativeExpenses": 2846000000,
    "otherExpenses": 0,
    "operatingExpenses": 4597000000,
    "costAndExpenses": 9647000000,
    "netInterestIncome": -620000000,
    "interestIncome": 10000000,
    "interestExpense": 630000000,
    "depreciationAndAmortization": 2292000000,
    "ebitda": 5422000000,
    "ebit": 3130000000,
    "nonOperatingIncomeExcludingInterest": 125000000,
    "operatingIncome": 3255000000,
    "totalOtherIncomeExpensesNet": -755000000,
    "incomeBeforeTax": 2500000000,
    "incomeTaxExpense": 187000000,
    "netIncomeFromContinuingOperations": 2313000000,
    "netIncomeFromDiscontinuedOperations": 0,
    "otherAdjustmentsToNetIncome": 0,
    "netIncome": 2308000000,
    "netIncomeDeductions": 0,
    "bottomLineNetIncome": 2291000000,
    "eps": 1.3,
    "epsDiluted": 1.29,
    "weightedAverageShsOut": 1769000000,
    "weightedAverageShsOutDil": 1774000000
  },
  {
    "date": "2020-06-30",
    "symbol": "ABBV",
    "reportedCurrency": "USD",
    "cik": "0001551152",
    "filingDate": "2020-08-04",
    "acceptedDate": "2020-08-04 09:55:42",
    "fiscalYear": "2020",
    "period": "Q2",
    "revenue": 10425000000,
    "costOfRevenue": 3711000000,
    "grossProfit": 6714000000,
    "researchAndDevelopmentExpenses": 2435000000,
    "generalAndAdministrativeExpenses": 0,
    "sellingAndMarketingExpenses": 0,
    "sellingGeneralAndAdministrativeExpenses": 3527000000,
    "otherExpenses": 0,
    "operatingExpenses": 5962000000,
    "costAndExpenses": 9673000000,
    "netInterestIncome": -614000000,
    "interestIncome": 18000000,
    "interestExpense": 632000000,
    "depreciationAndAmortization": 1555000000,
    "ebitda": 1494000000,
    "ebit": -61000000,
    "nonOperatingIncomeExcludingInterest": 813000000,
    "operatingIncome": 752000000,
    "totalOtherIncomeExpensesNet": -1445000000,
    "incomeBeforeTax": -693000000,
    "incomeTaxExpense": 46000000,
    "netIncomeFromContinuingOperations": -739000000,
    "netIncomeFromDiscontinuedOperations": 0,
    "otherAdjustmentsToNetIncome": 0,
    "netIncome": -738000000,
    "netIncomeDeductions": 0,
    "bottomLineNetIncome": -756000000,
    "eps": -0.45,
    "epsDiluted": -0.45,
    "weightedAverageShsOut": 1647000000,
    "weightedAverageShsOutDil": 1647000000
  },
  {
    "date": "2020-03-31",
    "symbol": "ABBV",
    "reportedCurrency": "USD",
    "cik": "0001551152",
    "filingDate": "2020-05-08",
    "acceptedDate": "2020-05-07 19:19:59",
    "fiscalYear": "2020",
    "period": "Q1",
    "revenue": 8619000000,
    "costOfRevenue": 1942000000,
    "grossProfit": 6677000000,
    "researchAndDevelopmentExpenses": 1379000000,
    "generalAndAdministrativeExpenses": 0,
    "sellingAndMarketingExpenses": 0,
    "sellingGeneralAndAdministrativeExpenses": 1695000000,
    "otherExpenses": 0,
    "operatingExpenses": 3074000000,
    "costAndExpenses": 5016000000,
    "netInterestIncome": -428000000,
    "interestIncome": 135000000,
    "interestExpense": 563000000,
    "depreciationAndAmortization": 559000000,
    "ebitda": 4220000000,
    "ebit": 3661000000,
    "nonOperatingIncomeExcludingInterest": -58000000,
    "operatingIncome": 3603000000,
    "totalOtherIncomeExpensesNet": -505000000,
    "incomeBeforeTax": 3098000000,
    "incomeTaxExpense": 88000000,
    "netIncomeFromContinuingOperations": 3010000000,
    "netIncomeFromDiscontinuedOperations": 0,
    "otherAdjustmentsToNetIncome": 0,
    "netIncome": 3010000000,
    "netIncomeDeductions": -4000000,
    "bottomLineNetIncome": 3000000000,
    "eps": 2.02,
    "epsDiluted": 2.02,
    "weightedAverageShsOut": 1481000000,
    "weightedAverageShsOutDil": 1484000000
  },
  {
    "date": "2019-12-31",
    "symbol": "ABBV",
    "reportedCurrency": "USD",
    "cik": "0001551152",
    "filingDate": "2020-02-21",
    "acceptedDate": "2020-02-21 10:51:26",
    "fiscalYear": "2019",
    "period": "Q4",
    "revenue": 8704000000,
    "costOfRevenue": 2006000000,
    "grossProfit": 6698000000,
    "researchAndDevelopmentExpenses": 1681000000,
    "generalAndAdministrativeExpenses": 0,
    "sellingAndMarketingExpenses": 0,
    "sellingGeneralAndAdministrativeExpenses": 1951000000,
    "otherExpenses": -890000000,
    "operatingExpenses": 2742000000,
    "costAndExpenses": 4748000000,
    "netInterestIncome": -455000000,
    "interestIncome": 104000000,
    "interestExpense": 559000000,
    "depreciationAndAmortization": 509000000,
    "ebitda": 4142000000,
    "ebit": 3633000000,
    "nonOperatingIncomeExcludingInterest": 323000000,
    "operatingIncome": 3956000000,
    "totalOtherIncomeExpensesNet": -882000000,
    "incomeBeforeTax": 3074000000,
    "incomeTaxExpense": 273000000,
    "netIncomeFromContinuingOperations": 2801000000,
    "netIncomeFromDiscontinuedOperations": 0,
    "otherAdjustmentsToNetIncome": 0,
    "netIncome": 2801000000,
    "netIncomeDeductions": 0,
    "bottomLineNetIncome": 2788000000,
    "eps": 1.89,
    "epsDiluted": 1.88,
    "weightedAverageShsOut": 1478911462,
    "weightedAverageShsOutDil": 1485000000
  },
  {
    "date": "2019-09-30",
    "symbol": "ABBV",
    "reportedCurrency": "USD",
    "cik": "0001551152",
    "filingDate": "2019-11-06",
    "acceptedDate": "2019-11-06 10:16:49",
    "fiscalYear": "2019",
    "period": "Q3",
    "revenue": 8479000000,
    "costOfRevenue": 1920000000,
    "grossProfit": 6559000000,
    "researchAndDevelopmentExpenses": 2285000000,
    "generalAndAdministrativeExpenses": 0,
    "sellingAndMarketingExpenses": 0,
    "sellingGeneralAndAdministrativeExpenses": 1657000000,
    "otherExpenses": 0,
    "operatingExpenses": 3942000000,
    "costAndExpenses": 5862000000,
    "netInterestIncome": -420000000,
    "interestIncome": 60000000,
    "interestExpense": 480000000,
    "depreciationAndAmortization": 503000000,
    "ebitda": 2984000000,
    "ebit": 2481000000,
    "nonOperatingIncomeExcludingInterest": 136000000,
    "operatingIncome": 2617000000,
    "totalOtherIncomeExpensesNet": -616000000,
    "incomeBeforeTax": 2001000000,
    "incomeTaxExpense": 117000000,
    "netIncomeFromContinuingOperations": 1884000000,
    "netIncomeFromDiscontinuedOperations": 0,
    "otherAdjustmentsToNetIncome": 0,
    "netIncome": 1884000000,
    "netIncomeDeductions": 0,
    "bottomLineNetIncome": 1874000000,
    "eps": 1.27,
    "epsDiluted": 1.26,
    "weightedAverageShsOut": 1481000000,
    "weightedAverageShsOutDil": 1483000000
  },
  {
    "date": "2019-06-30",
    "symbol": "ABBV",
    "reportedCurrency": "USD",
    "cik": "0001551152",
    "filingDate": "2019-08-05",
    "acceptedDate": "2019-08-05 12:33:34",
    "fiscalYear": "2019",
    "period": "Q2",
    "revenue": 8255000000,
    "costOfRevenue": 1819000000,
    "grossProfit": 6436000000,
    "researchAndDevelopmentExpenses": 1382000000,
    "generalAndAdministrativeExpenses": 0,
    "sellingAndMarketingExpenses": 0,
    "sellingGeneralAndAdministrativeExpenses": 1654000000,
    "otherExpenses": 0,
    "operatingExpenses": 3036000000,
    "costAndExpenses": 4855000000,
    "netInterestIncome": -309000000,
    "interestIncome": 49000000,
    "interestExpense": 358000000,
    "depreciationAndAmortization": 502000000,
    "ebitda": 1667000000,
    "ebit": 1165000000,
    "nonOperatingIncomeExcludingInterest": 2235000000,
    "operatingIncome": 3400000000,
    "totalOtherIncomeExpensesNet": -2593000000,
    "incomeBeforeTax": 807000000,
    "incomeTaxExpense": 66000000,
    "netIncomeFromContinuingOperations": 741000000,
    "netIncomeFromDiscontinuedOperations": 0,
    "otherAdjustmentsToNetIncome": 0,
    "netIncome": 741000000,
    "netIncomeDeductions": 0,
    "bottomLineNetIncome": 733000000,
    "eps": 0.49,
    "epsDiluted": 0.49,
    "weightedAverageShsOut": 1480000000,
    "weightedAverageShsOutDil": 1484000000
  },
  {
    "date": "2019-03-31",
    "symbol": "ABBV",
    "reportedCurrency": "USD",
    "cik": "0001551152",
    "filingDate": "2019-05-03",
    "acceptedDate": "2019-05-03 10:28:05",
    "fiscalYear": "2019",
    "period": "Q1",
    "revenue": 7828000000,
    "costOfRevenue": 1694000000,
    "grossProfit": 6134000000,
    "researchAndDevelopmentExpenses": 1444000000,
    "generalAndAdministrativeExpenses": 0,
    "sellingAndMarketingExpenses": 0,
    "sellingGeneralAndAdministrativeExpenses": 1680000000,
    "otherExpenses": 0,
    "operatingExpenses": 3124000000,
    "costAndExpenses": 4818000000,
    "netInterestIncome": -325000000,
    "interestIncome": 62000000,
    "interestExpense": 387000000,
    "depreciationAndAmortization": 503000000,
    "ebitda": 3434000000,
    "ebit": 2931000000,
    "nonOperatingIncomeExcludingInterest": 79000000,
    "operatingIncome": 3010000000,
    "totalOtherIncomeExpensesNet": -466000000,
    "incomeBeforeTax": 2544000000,
    "incomeTaxExpense": 88000000,
    "netIncomeFromContinuingOperations": 2456000000,
    "netIncomeFromDiscontinuedOperations": 0,
    "otherAdjustmentsToNetIncome": 0,
    "netIncome": 2456000000,
    "netIncomeDeductions": 3000000,
    "bottomLineNetIncome": 2444000000,
    "eps": 1.65,
    "epsDiluted": 1.65,
    "weightedAverageShsOut": 1480000000,
    "weightedAverageShsOutDil": 1483000000
  },
  {
    "date": "2018-12-31",
    "symbol": "ABBV",
    "reportedCurrency": "USD",
    "cik": "0001551152",
    "filingDate": "2019-02-27",
    "acceptedDate": "2019-02-27 16:45:37",
    "fiscalYear": "2018",
    "period": "Q4",
    "revenue": 8305000000,
    "costOfRevenue": 2022000000,
    "grossProfit": 6283000000,
    "researchAndDevelopmentExpenses": 6795000000,
    "generalAndAdministrativeExpenses": 0,
    "sellingAndMarketingExpenses": 0,
    "sellingGeneralAndAdministrativeExpenses": 1929000000,
    "otherExpenses": 0,
    "operatingExpenses": 8724000000,
    "costAndExpenses": 10746000000,
    "netInterestIncome": -319000000,
    "interestIncome": 61000000,
    "interestExpense": 380000000,
    "depreciationAndAmortization": 442000000,
    "ebitda": -1551000000,
    "ebit": -1993000000,
    "nonOperatingIncomeExcludingInterest": -448000000,
    "operatingIncome": -2441000000,
    "totalOtherIncomeExpensesNet": 68000000,
    "incomeBeforeTax": -2373000000,
    "incomeTaxExpense": -547000000,
    "netIncomeFromContinuingOperations": -1826000000,
    "netIncomeFromDiscontinuedOperations": 0,
    "otherAdjustmentsToNetIncome": 0,
    "netIncome": -1826000000,
    "netIncomeDeductions": 0,
    "bottomLineNetIncome": -1822000000,
    "eps": -1.22,
    "epsDiluted": -1.22,
    "weightedAverageShsOut": 1481301000,
    "weightedAverageShsOutDil": 1481301000
  },
  {
    "date": "2018-09-30",
    "symbol": "ABBV",
    "reportedCurrency": "USD",
    "cik": "0001551152",
    "filingDate": "2018-11-07",
    "acceptedDate": "2018-11-07 12:45:42",
    "fiscalYear": "2018",
    "period": "Q3",
    "revenue": 8236000000,
    "costOfRevenue": 1835000000,
    "grossProfit": 6401000000,
    "researchAndDevelopmentExpenses": 1323000000,
    "generalAndAdministrativeExpenses": 0,
    "sellingAndMarketingExpenses": 0,
    "sellingGeneralAndAdministrativeExpenses": 1919000000,
    "otherExpenses": 0,
    "operatingExpenses": 3242000000,
    "costAndExpenses": 5077000000,
    "netInterestIncome": -302000000,
    "interestIncome": 37000000,
    "interestExpense": 339000000,
    "depreciationAndAmortization": 435000000,
    "ebitda": 3535000000,
    "ebit": 3100000000,
    "nonOperatingIncomeExcludingInterest": 59000000,
    "operatingIncome": 3159000000,
    "totalOtherIncomeExpensesNet": -398000000,
    "incomeBeforeTax": 2761000000,
    "incomeTaxExpense": 14000000,
    "netIncomeFromContinuingOperations": 2747000000,
    "netIncomeFromDiscontinuedOperations": 0,
    "otherAdjustmentsToNetIncome": 0,
    "netIncome": 2747000000,
    "netIncomeDeductions": 0,
    "bottomLineNetIncome": 2735000000,
    "eps": 1.81,
    "epsDiluted": 1.81,
    "weightedAverageShsOut": 1511000000,
    "weightedAverageShsOutDil": 1515000000
  },
  {
    "date": "2018-06-30",
    "symbol": "ABBV",
    "reportedCurrency": "USD",
    "cik": "0001551152",
    "filingDate": "2018-08-07",
    "acceptedDate": "2018-08-07 13:14:21",
    "fiscalYear": "2018",
    "period": "Q2",
    "revenue": 8278000000,
    "costOfRevenue": 1934000000,
    "grossProfit": 6344000000,
    "researchAndDevelopmentExpenses": 1322000000,
    "generalAndAdministrativeExpenses": 0,
    "sellingAndMarketingExpenses": 0,
    "sellingGeneralAndAdministrativeExpenses": 1760000000,
    "otherExpenses": 500000000,
    "operatingExpenses": 3582000000,
    "costAndExpenses": 5516000000,
    "netInterestIncome": -272000000,
    "interestIncome": 48000000,
    "interestExpense": 320000000,
    "depreciationAndAmortization": 443000000,
    "ebitda": 2775000000,
    "ebit": 2332000000,
    "nonOperatingIncomeExcludingInterest": 430000000,
    "operatingIncome": 2762000000,
    "totalOtherIncomeExpensesNet": -750000000,
    "incomeBeforeTax": 2012000000,
    "incomeTaxExpense": 29000000,
    "netIncomeFromContinuingOperations": 1983000000,
    "netIncomeFromDiscontinuedOperations": 0,
    "otherAdjustmentsToNetIncome": 0,
    "netIncome": 1983000000,
    "netIncomeDeductions": 0,
    "bottomLineNetIncome": 1973000000,
    "eps": 1.26,
    "epsDiluted": 1.26,
    "weightedAverageShsOut": 1568000000,
    "weightedAverageShsOutDil": 1572000000
  },
  {
    "date": "2018-03-31",
    "symbol": "ABBV",
    "reportedCurrency": "USD",
    "cik": "0001551152",
    "filingDate": "2018-05-04",
    "acceptedDate": "2018-05-04 10:56:33",
    "fiscalYear": "2018",
    "period": "Q1",
    "revenue": 7934000000,
    "costOfRevenue": 1927000000,
    "grossProfit": 6007000000,
    "researchAndDevelopmentExpenses": 1313000000,
    "generalAndAdministrativeExpenses": 0,
    "sellingAndMarketingExpenses": 0,
    "sellingGeneralAndAdministrativeExpenses": 1791000000,
    "otherExpenses": 0,
    "operatingExpenses": 3104000000,
    "costAndExpenses": 5031000000,
    "netInterestIncome": -251000000,
    "interestIncome": 58000000,
    "interestExpense": 309000000,
    "depreciationAndAmortization": 445000000,
    "ebitda": 3551000000,
    "ebit": 3106000000,
    "nonOperatingIncomeExcludingInterest": -203000000,
    "operatingIncome": 2903000000,
    "totalOtherIncomeExpensesNet": -106000000,
    "incomeBeforeTax": 2797000000,
    "incomeTaxExpense": 14000000,
    "netIncomeFromContinuingOperations": 2783000000,
    "netIncomeFromDiscontinuedOperations": 0,
    "otherAdjustmentsToNetIncome": 0,
    "netIncome": 2783000000,
    "netIncomeDeductions": 0,
    "bottomLineNetIncome": 2771000000,
    "eps": 1.74,
    "epsDiluted": 1.74,
    "weightedAverageShsOut": 1591000000,
    "weightedAverageShsOutDil": 1596000000
  },
  {
    "date": "2017-12-31",
    "symbol": "ABBV",
    "reportedCurrency": "USD",
    "cik": "0001551152",
    "filingDate": "2018-02-16",
    "acceptedDate": "2018-02-16 12:40:01",
    "fiscalYear": "2017",
    "period": "Q4",
    "revenue": 7739000000,
    "costOfRevenue": 2280000000,
    "grossProfit": 5459000000,
    "researchAndDevelopmentExpenses": 1714000000,
    "generalAndAdministrativeExpenses": 0,
    "sellingAndMarketingExpenses": 0,
    "sellingGeneralAndAdministrativeExpenses": 1951000000,
    "otherExpenses": 0,
    "operatingExpenses": 3665000000,
    "costAndExpenses": 5945000000,
    "netInterestIncome": -252000000,
    "interestIncome": 47000000,
    "interestExpense": 299000000,
    "depreciationAndAmortization": 369000000,
    "ebitda": 1861000000,
    "ebit": 1492000000,
    "nonOperatingIncomeExcludingInterest": 302000000,
    "operatingIncome": 1794000000,
    "totalOtherIncomeExpensesNet": -601000000,
    "incomeBeforeTax": 1193000000,
    "incomeTaxExpense": 1141000000,
    "netIncomeFromContinuingOperations": 52000000,
    "netIncomeFromDiscontinuedOperations": 0,
    "otherAdjustmentsToNetIncome": 0,
    "netIncome": 52000000,
    "netIncomeDeductions": 0,
    "bottomLineNetIncome": 52000000,
    "eps": 0.0327,
    "epsDiluted": 0.03,
    "weightedAverageShsOut": 1592131025,
    "weightedAverageShsOutDil": 1602000000
  },
  {
    "date": "2017-09-30",
    "symbol": "ABBV",
    "reportedCurrency": "USD",
    "cik": "0001551152",
    "filingDate": "2017-11-07",
    "acceptedDate": "2017-11-07 11:27:57",
    "fiscalYear": "2017",
    "period": "Q3",
    "revenue": 6995000000,
    "costOfRevenue": 1616000000,
    "grossProfit": 5379000000,
    "researchAndDevelopmentExpenses": 1228000000,
    "generalAndAdministrativeExpenses": 0,
    "sellingAndMarketingExpenses": 0,
    "sellingGeneralAndAdministrativeExpenses": 1457000000,
    "otherExpenses": 0,
    "operatingExpenses": 2685000000,
    "costAndExpenses": 4301000000,
    "netInterestIncome": -252000000,
    "interestIncome": 41000000,
    "interestExpense": 293000000,
    "depreciationAndAmortization": 379000000,
    "ebitda": 2767000000,
    "ebit": 2388000000,
    "nonOperatingIncomeExcludingInterest": 306000000,
    "operatingIncome": 2694000000,
    "totalOtherIncomeExpensesNet": -599000000,
    "incomeBeforeTax": 2095000000,
    "incomeTaxExpense": 464000000,
    "netIncomeFromContinuingOperations": 1631000000,
    "netIncomeFromDiscontinuedOperations": 0,
    "otherAdjustmentsToNetIncome": 0,
    "netIncome": 1631000000,
    "netIncomeDeductions": 0,
    "bottomLineNetIncome": 1623000000,
    "eps": 1.02,
    "epsDiluted": 1.01,
    "weightedAverageShsOut": 1597000000,
    "weightedAverageShsOutDil": 1603000000
  },
  {
    "date": "2017-06-30",
    "symbol": "ABBV",
    "reportedCurrency": "USD",
    "cik": "0001551152",
    "filingDate": "2017-08-07",
    "acceptedDate": "2017-08-07 12:15:57",
    "fiscalYear": "2017",
    "period": "Q2",
    "revenue": 6944000000,
    "costOfRevenue": 1528000000,
    "grossProfit": 5416000000,
    "researchAndDevelopmentExpenses": 1244000000,
    "generalAndAdministrativeExpenses": 0,
    "sellingAndMarketingExpenses": 0,
    "sellingGeneralAndAdministrativeExpenses": 1509000000,
    "otherExpenses": 0,
    "operatingExpenses": 2753000000,
    "costAndExpenses": 4282000000,
    "netInterestIncome": -253000000,
    "interestIncome": 31000000,
    "interestExpense": 284000000,
    "depreciationAndAmortization": 379000000,
    "ebitda": 3016000000,
    "ebit": 2637000000,
    "nonOperatingIncomeExcludingInterest": 25000000,
    "operatingIncome": 2662000000,
    "totalOtherIncomeExpensesNet": -309000000,
    "incomeBeforeTax": 2353000000,
    "incomeTaxExpense": 438000000,
    "netIncomeFromContinuingOperations": 1915000000,
    "netIncomeFromDiscontinuedOperations": 0,
    "otherAdjustmentsToNetIncome": 0,
    "netIncome": 1915000000,
    "netIncomeDeductions": 0,
    "bottomLineNetIncome": 1906000000,
    "eps": 1.2,
    "epsDiluted": 1.19,
    "weightedAverageShsOut": 1595000000,
    "weightedAverageShsOutDil": 1600000000
  },
  {
    "date": "2017-03-31",
    "symbol": "ABBV",
    "reportedCurrency": "USD",
    "cik": "0001551152",
    "filingDate": "2017-05-05",
    "acceptedDate": "2017-05-05 10:09:59",
    "fiscalYear": "2017",
    "period": "Q1",
    "revenue": 6538000000,
    "costOfRevenue": 1616000000,
    "grossProfit": 4922000000,
    "researchAndDevelopmentExpenses": 1142000000,
    "generalAndAdministrativeExpenses": 0,
    "sellingAndMarketingExpenses": 0,
    "sellingGeneralAndAdministrativeExpenses": 1373000000,
    "otherExpenses": 0,
    "operatingExpenses": 2515000000,
    "costAndExpenses": 4131000000,
    "netInterestIncome": -247000000,
    "interestIncome": 26000000,
    "interestExpense": 273000000,
    "depreciationAndAmortization": 374000000,
    "ebitda": 2733000000,
    "ebit": 2359000000,
    "nonOperatingIncomeExcludingInterest": 48000000,
    "operatingIncome": 2407000000,
    "totalOtherIncomeExpensesNet": -321000000,
    "incomeBeforeTax": 2086000000,
    "incomeTaxExpense": 375000000,
    "netIncomeFromContinuingOperations": 1711000000,
    "netIncomeFromDiscontinuedOperations": 0,
    "otherAdjustmentsToNetIncome": 0,
    "netIncome": 1711000000,
    "netIncomeDeductions": 0,
    "bottomLineNetIncome": 1702000000,
    "eps": 1.07,
    "epsDiluted": 1.06,
    "weightedAverageShsOut": 1597000000,
    "weightedAverageShsOutDil": 1603000000
  },
  {
    "date": "2016-12-31",
    "symbol": "ABBV",
    "reportedCurrency": "USD",
    "cik": "0001551152",
    "filingDate": "2017-02-17",
    "acceptedDate": "2017-02-17 12:19:05",
    "fiscalYear": "2016",
    "period": "Q4",
    "revenue": 6796000000,
    "costOfRevenue": 1555000000,
    "grossProfit": 5241000000,
    "researchAndDevelopmentExpenses": 1230000000,
    "generalAndAdministrativeExpenses": 0,
    "sellingAndMarketingExpenses": 0,
    "sellingGeneralAndAdministrativeExpenses": 1653000000,
    "otherExpenses": 0,
    "operatingExpenses": 2883000000,
    "costAndExpenses": 4438000000,
    "netInterestIncome": -290000000,
    "interestIncome": 26000000,
    "interestExpense": 316000000,
    "depreciationAndAmortization": 328000000,
    "ebitda": 2642000000,
    "ebit": 2314000000,
    "nonOperatingIncomeExcludingInterest": 44000000,
    "operatingIncome": 2358000000,
    "totalOtherIncomeExpensesNet": -360000000,
    "incomeBeforeTax": 1998000000,
    "incomeTaxExpense": 607000000,
    "netIncomeFromContinuingOperations": 1391000000,
    "netIncomeFromDiscontinuedOperations": 0,
    "otherAdjustmentsToNetIncome": 0,
    "netIncome": 1391000000,
    "netIncomeDeductions": 0,
    "bottomLineNetIncome": 1384000000,
    "eps": 0.87,
    "epsDiluted": 0.85,
    "weightedAverageShsOut": 1592512724,
    "weightedAverageShsOutDil": 1623000000
  },
  {
    "date": "2016-09-30",
    "symbol": "ABBV",
    "reportedCurrency": "USD",
    "cik": "0001551152",
    "filingDate": "2016-11-07",
    "acceptedDate": "2016-11-07 12:52:37",
    "fiscalYear": "2016",
    "period": "Q3",
    "revenue": 6432000000,
    "costOfRevenue": 1504000000,
    "grossProfit": 4928000000,
    "researchAndDevelopmentExpenses": 1186000000,
    "generalAndAdministrativeExpenses": 0,
    "sellingAndMarketingExpenses": 0,
    "sellingGeneralAndAdministrativeExpenses": 1381000000,
    "otherExpenses": 0,
    "operatingExpenses": 2567000000,
    "costAndExpenses": 4071000000,
    "netInterestIncome": -250000000,
    "interestIncome": 21000000,
    "interestExpense": 271000000,
    "depreciationAndAmortization": 304000000,
    "ebitda": 2589000000,
    "ebit": 2285000000,
    "nonOperatingIncomeExcludingInterest": 76000000,
    "operatingIncome": 2361000000,
    "totalOtherIncomeExpensesNet": -347000000,
    "incomeBeforeTax": 2014000000,
    "incomeTaxExpense": 416000000,
    "netIncomeFromContinuingOperations": 1598000000,
    "netIncomeFromDiscontinuedOperations": 0,
    "otherAdjustmentsToNetIncome": 0,
    "netIncome": 1598000000,
    "netIncomeDeductions": 0,
    "bottomLineNetIncome": 1590000000,
    "eps": 0.97,
    "epsDiluted": 0.97,
    "weightedAverageShsOut": 1632000000,
    "weightedAverageShsOutDil": 1640000000
  },
  {
    "date": "2016-06-30",
    "symbol": "ABBV",
    "reportedCurrency": "USD",
    "cik": "0001551152",
    "filingDate": "2016-08-05",
    "acceptedDate": "2016-08-05 12:24:41",
    "fiscalYear": "2016",
    "period": "Q2",
    "revenue": 6452000000,
    "costOfRevenue": 1405000000,
    "grossProfit": 5047000000,
    "researchAndDevelopmentExpenses": 1194000000,
    "generalAndAdministrativeExpenses": 0,
    "sellingAndMarketingExpenses": 0,
    "sellingGeneralAndAdministrativeExpenses": 1466000000,
    "otherExpenses": 0,
    "operatingExpenses": 2660000000,
    "costAndExpenses": 4065000000,
    "netInterestIncome": -225000000,
    "interestIncome": 20000000,
    "interestExpense": 245000000,
    "depreciationAndAmortization": 289000000,
    "ebitda": 2630000000,
    "ebit": 2341000000,
    "nonOperatingIncomeExcludingInterest": 46000000,
    "operatingIncome": 2387000000,
    "totalOtherIncomeExpensesNet": -291000000,
    "incomeBeforeTax": 2096000000,
    "incomeTaxExpense": 486000000,
    "netIncomeFromContinuingOperations": 1610000000,
    "netIncomeFromDiscontinuedOperations": 0,
    "otherAdjustmentsToNetIncome": 0,
    "netIncome": 1610000000,
    "netIncomeDeductions": 0,
    "bottomLineNetIncome": 1602000000,
    "eps": 0.99,
    "epsDiluted": 0.98,
    "weightedAverageShsOut": 1624000000,
    "weightedAverageShsOutDil": 1632000000
  },
  {
    "date": "2016-03-31",
    "symbol": "ABBV",
    "reportedCurrency": "USD",
    "cik": "0001551152",
    "filingDate": "2016-05-06",
    "acceptedDate": "2016-05-06 12:22:19",
    "fiscalYear": "2016",
    "period": "Q1",
    "revenue": 5958000000,
    "costOfRevenue": 1369000000,
    "grossProfit": 4589000000,
    "researchAndDevelopmentExpenses": 956000000,
    "generalAndAdministrativeExpenses": 0,
    "sellingAndMarketingExpenses": 0,
    "sellingGeneralAndAdministrativeExpenses": 1355000000,
    "otherExpenses": 0,
    "operatingExpenses": 2311000000,
    "costAndExpenses": 3680000000,
    "netInterestIncome": -200000000,
    "interestIncome": 15000000,
    "interestExpense": 215000000,
    "depreciationAndAmortization": 268000000,
    "ebitda": 2259000000,
    "ebit": 1991000000,
    "nonOperatingIncomeExcludingInterest": 287000000,
    "operatingIncome": 2278000000,
    "totalOtherIncomeExpensesNet": -502000000,
    "incomeBeforeTax": 1776000000,
    "incomeTaxExpense": 422000000,
    "netIncomeFromContinuingOperations": 1354000000,
    "netIncomeFromDiscontinuedOperations": 0,
    "otherAdjustmentsToNetIncome": 0,
    "netIncome": 1354000000,
    "netIncomeDeductions": 0,
    "bottomLineNetIncome": 1347000000,
    "eps": 0.83,
    "epsDiluted": 0.83,
    "weightedAverageShsOut": 1616000000,
    "weightedAverageShsOutDil": 1625000000
  },
  {
    "date": "2015-12-31",
    "symbol": "ABBV",
    "reportedCurrency": "USD",
    "cik": "0001551152",
    "filingDate": "2016-02-19",
    "acceptedDate": "2016-02-19 12:32:59",
    "fiscalYear": "2015",
    "period": "Q4",
    "revenue": 6400000000,
    "costOfRevenue": 1475000000,
    "grossProfit": 4925000000,
    "researchAndDevelopmentExpenses": 1075000000,
    "generalAndAdministrativeExpenses": 0,
    "sellingAndMarketingExpenses": 0,
    "sellingGeneralAndAdministrativeExpenses": 1737000000,
    "otherExpenses": 0,
    "operatingExpenses": 2812000000,
    "costAndExpenses": 4287000000,
    "netInterestIncome": -199000000,
    "interestIncome": 9000000,
    "interestExpense": 208000000,
    "depreciationAndAmortization": 261000000,
    "ebitda": 2393000000,
    "ebit": 2132000000,
    "nonOperatingIncomeExcludingInterest": -19000000,
    "operatingIncome": 2113000000,
    "totalOtherIncomeExpensesNet": -189000000,
    "incomeBeforeTax": 1924000000,
    "incomeTaxExpense": 407000000,
    "netIncomeFromContinuingOperations": 1517000000,
    "netIncomeFromDiscontinuedOperations": 0,
    "otherAdjustmentsToNetIncome": 0,
    "netIncome": 1517000000,
    "netIncomeDeductions": 0,
    "bottomLineNetIncome": 1509000000,
    "eps": 0.94,
    "epsDiluted": 0.92,
    "weightedAverageShsOut": 1609892935,
    "weightedAverageShsOutDil": 1640000000
  },
  {
    "date": "2015-09-30",
    "symbol": "ABBV",
    "reportedCurrency": "USD",
    "cik": "0001551152",
    "filingDate": "2015-11-06",
    "acceptedDate": "2015-11-06 13:40:18",
    "fiscalYear": "2015",
    "period": "Q3",
    "revenue": 5944000000,
    "costOfRevenue": 1167000000,
    "grossProfit": 4777000000,
    "researchAndDevelopmentExpenses": 1418000000,
    "generalAndAdministrativeExpenses": 0,
    "sellingAndMarketingExpenses": 0,
    "sellingGeneralAndAdministrativeExpenses": 1474000000,
    "otherExpenses": 0,
    "operatingExpenses": 2892000000,
    "costAndExpenses": 4059000000,
    "netInterestIncome": -197000000,
    "interestIncome": 10000000,
    "interestExpense": 207000000,
    "depreciationAndAmortization": 227000000,
    "ebitda": 2081000000,
    "ebit": 1854000000,
    "nonOperatingIncomeExcludingInterest": 31000000,
    "operatingIncome": 1885000000,
    "totalOtherIncomeExpensesNet": -238000000,
    "incomeBeforeTax": 1647000000,
    "incomeTaxExpense": 408000000,
    "netIncomeFromContinuingOperations": 1239000000,
    "netIncomeFromDiscontinuedOperations": 0,
    "otherAdjustmentsToNetIncome": 0,
    "netIncome": 1239000000,
    "netIncomeDeductions": 0,
    "bottomLineNetIncome": 1232000000,
    "eps": 0.75,
    "epsDiluted": 0.74,
    "weightedAverageShsOut": 1652000000,
    "weightedAverageShsOutDil": 1664000000
  },
  {
    "date": "2015-06-30",
    "symbol": "ABBV",
    "reportedCurrency": "USD",
    "cik": "0001551152",
    "filingDate": "2015-08-07",
    "acceptedDate": "2015-08-07 13:58:41",
    "fiscalYear": "2015",
    "period": "Q2",
    "revenue": 5475000000,
    "costOfRevenue": 916000000,
    "grossProfit": 4559000000,
    "researchAndDevelopmentExpenses": 1004000000,
    "generalAndAdministrativeExpenses": 0,
    "sellingAndMarketingExpenses": 0,
    "sellingGeneralAndAdministrativeExpenses": 1703000000,
    "otherExpenses": 0,
    "operatingExpenses": 2707000000,
    "costAndExpenses": 3623000000,
    "netInterestIncome": -164000000,
    "interestIncome": 8000000,
    "interestExpense": 172000000,
    "depreciationAndAmortization": 190000000,
    "ebitda": 2040000000,
    "ebit": 1850000000,
    "nonOperatingIncomeExcludingInterest": 2000000,
    "operatingIncome": 1852000000,
    "totalOtherIncomeExpensesNet": -174000000,
    "incomeBeforeTax": 1678000000,
    "incomeTaxExpense": 312000000,
    "netIncomeFromContinuingOperations": 1366000000,
    "netIncomeFromDiscontinuedOperations": 0,
    "otherAdjustmentsToNetIncome": 0,
    "netIncome": 1366000000,
    "netIncomeDeductions": 0,
    "bottomLineNetIncome": 1359000000,
    "eps": 0.84,
    "epsDiluted": 0.83,
    "weightedAverageShsOut": 1620000000,
    "weightedAverageShsOutDil": 1633000000
  },
  {
    "date": "2015-03-31",
    "symbol": "ABBV",
    "reportedCurrency": "USD",
    "cik": "0001551152",
    "filingDate": "2015-05-08",
    "acceptedDate": "2015-05-08 16:15:17",
    "fiscalYear": "2015",
    "period": "Q1",
    "revenue": 5040000000,
    "costOfRevenue": 942000000,
    "grossProfit": 4098000000,
    "researchAndDevelopmentExpenses": 938000000,
    "generalAndAdministrativeExpenses": 0,
    "sellingAndMarketingExpenses": 0,
    "sellingGeneralAndAdministrativeExpenses": 1473000000,
    "otherExpenses": 0,
    "operatingExpenses": 2411000000,
    "costAndExpenses": 3353000000,
    "netInterestIncome": -126000000,
    "interestIncome": 6000000,
    "interestExpense": 132000000,
    "depreciationAndAmortization": 158000000,
    "ebitda": 1686000000,
    "ebit": 1528000000,
    "nonOperatingIncomeExcludingInterest": 159000000,
    "operatingIncome": 1687000000,
    "totalOtherIncomeExpensesNet": -291000000,
    "incomeBeforeTax": 1396000000,
    "incomeTaxExpense": 374000000,
    "netIncomeFromContinuingOperations": 1022000000,
    "netIncomeFromDiscontinuedOperations": 0,
    "otherAdjustmentsToNetIncome": 0,
    "netIncome": 1022000000,
    "netIncomeDeductions": 0,
    "bottomLineNetIncome": 1017000000,
    "eps": 0.64,
    "epsDiluted": 0.63,
    "weightedAverageShsOut": 1595000000,
    "weightedAverageShsOutDil": 1608000000
  },
  {
    "date": "2014-12-31",
    "symbol": "ABBV",
    "reportedCurrency": "USD",
    "cik": "0001551152",
    "filingDate": "2015-02-20",
    "acceptedDate": "2015-02-20 15:18:31",
    "fiscalYear": "2014",
    "period": "Q4",
    "revenue": 5452000000,
    "costOfRevenue": 1119000000,
    "grossProfit": 4333000000,
    "researchAndDevelopmentExpenses": 907000000,
    "generalAndAdministrativeExpenses": 0,
    "sellingAndMarketingExpenses": 0,
    "sellingGeneralAndAdministrativeExpenses": 3341000000,
    "otherExpenses": 500000000,
    "operatingExpenses": 4748000000,
    "costAndExpenses": 5867000000,
    "netInterestIncome": -129000000,
    "interestIncome": 10000000,
    "interestExpense": 139000000,
    "depreciationAndAmortization": 193000000,
    "ebitda": -705000000,
    "ebit": -898000000,
    "nonOperatingIncomeExcludingInterest": 483000000,
    "operatingIncome": -415000000,
    "totalOtherIncomeExpensesNet": -622000000,
    "incomeBeforeTax": -1037000000,
    "incomeTaxExpense": -227000000,
    "netIncomeFromContinuingOperations": -810000000,
    "netIncomeFromDiscontinuedOperations": 0,
    "otherAdjustmentsToNetIncome": 0,
    "netIncome": -810000000,
    "netIncomeDeductions": 0,
    "bottomLineNetIncome": -810000000,
    "eps": -0.51,
    "epsDiluted": -0.51,
    "weightedAverageShsOut": 1591389331,
    "weightedAverageShsOutDil": 1597000000
  },
  {
    "date": "2014-09-30",
    "symbol": "ABBV",
    "reportedCurrency": "USD",
    "cik": "0001551152",
    "filingDate": "2014-11-07",
    "acceptedDate": "2014-11-07 16:09:36",
    "fiscalYear": "2014",
    "period": "Q3",
    "revenue": 5019000000,
    "costOfRevenue": 1094000000,
    "grossProfit": 3925000000,
    "researchAndDevelopmentExpenses": 1120000000,
    "generalAndAdministrativeExpenses": 0,
    "sellingAndMarketingExpenses": 0,
    "sellingGeneralAndAdministrativeExpenses": 1595000000,
    "otherExpenses": 250000000,
    "operatingExpenses": 2965000000,
    "costAndExpenses": 4059000000,
    "netInterestIncome": -128000000,
    "interestIncome": 20000000,
    "interestExpense": 148000000,
    "depreciationAndAmortization": 192000000,
    "ebitda": 1027000000,
    "ebit": 835000000,
    "nonOperatingIncomeExcludingInterest": 125000000,
    "operatingIncome": 960000000,
    "totalOtherIncomeExpensesNet": -273000000,
    "incomeBeforeTax": 687000000,
    "incomeTaxExpense": 181000000,
    "netIncomeFromContinuingOperations": 506000000,
    "netIncomeFromDiscontinuedOperations": 0,
    "otherAdjustmentsToNetIncome": 0,
    "netIncome": 506000000,
    "netIncomeDeductions": 0,
    "bottomLineNetIncome": 506000000,
    "eps": 0.32,
    "epsDiluted": 0.31,
    "weightedAverageShsOut": 1595000000,
    "weightedAverageShsOutDil": 1610000000
  },
  {
    "date": "2014-06-30",
    "symbol": "ABBV",
    "reportedCurrency": "USD",
    "cik": "0001551152",
    "filingDate": "2014-08-07",
    "acceptedDate": "2014-08-07 17:03:44",
    "fiscalYear": "2014",
    "period": "Q2",
    "revenue": 4926000000,
    "costOfRevenue": 1113000000,
    "grossProfit": 3813000000,
    "researchAndDevelopmentExpenses": 850000000,
    "generalAndAdministrativeExpenses": 0,
    "sellingAndMarketingExpenses": 0,
    "sellingGeneralAndAdministrativeExpenses": 1448000000,
    "otherExpenses": 0,
    "operatingExpenses": 2298000000,
    "costAndExpenses": 3411000000,
    "netInterestIncome": -69000000,
    "interestIncome": 4000000,
    "interestExpense": 73000000,
    "depreciationAndAmortization": 202000000,
    "ebitda": 1708000000,
    "ebit": 1506000000,
    "nonOperatingIncomeExcludingInterest": 9000000,
    "operatingIncome": 1515000000,
    "totalOtherIncomeExpensesNet": -82000000,
    "incomeBeforeTax": 1433000000,
    "incomeTaxExpense": 335000000,
    "netIncomeFromContinuingOperations": 1098000000,
    "netIncomeFromDiscontinuedOperations": 0,
    "otherAdjustmentsToNetIncome": 0,
    "netIncome": 1098000000,
    "netIncomeDeductions": 0,
    "bottomLineNetIncome": 1098000000,
    "eps": 0.69,
    "epsDiluted": 0.68,
    "weightedAverageShsOut": 1594000000,
    "weightedAverageShsOutDil": 1608000000
  },
  {
    "date": "2014-03-31",
    "symbol": "ABBV",
    "reportedCurrency": "USD",
    "cik": "0001551152",
    "filingDate": "2014-05-09",
    "acceptedDate": "2014-05-09 14:11:57",
    "fiscalYear": "2014",
    "period": "Q1",
    "revenue": 4563000000,
    "costOfRevenue": 1100000000,
    "grossProfit": 3463000000,
    "researchAndDevelopmentExpenses": 772000000,
    "generalAndAdministrativeExpenses": 0,
    "sellingAndMarketingExpenses": 0,
    "sellingGeneralAndAdministrativeExpenses": 1340000000,
    "otherExpenses": 0,
    "operatingExpenses": 2112000000,
    "costAndExpenses": 3212000000,
    "netInterestIncome": -65000000,
    "interestIncome": 5000000,
    "interestExpense": 70000000,
    "depreciationAndAmortization": 199000000,
    "ebitda": 1555000000,
    "ebit": 1356000000,
    "nonOperatingIncomeExcludingInterest": -5000000,
    "operatingIncome": 1351000000,
    "totalOtherIncomeExpensesNet": -65000000,
    "incomeBeforeTax": 1286000000,
    "incomeTaxExpense": 306000000,
    "netIncomeFromContinuingOperations": 980000000,
    "netIncomeFromDiscontinuedOperations": 0,
    "otherAdjustmentsToNetIncome": 0,
    "netIncome": 980000000,
    "netIncomeDeductions": 0,
    "bottomLineNetIncome": 980000000,
    "eps": 0.61,
    "epsDiluted": 0.61,
    "weightedAverageShsOut": 1595000000,
    "weightedAverageShsOutDil": 1609000000
  },
  {
    "date": "2013-12-31",
    "symbol": "ABBV",
    "reportedCurrency": "USD",
    "cik": "0001551152",
    "filingDate": "2014-02-21",
    "acceptedDate": "2014-02-21 15:03:44",
    "fiscalYear": "2013",
    "period": "Q4",
    "revenue": 5111000000,
    "costOfRevenue": 1282000000,
    "grossProfit": 3829000000,
    "researchAndDevelopmentExpenses": 846000000,
    "generalAndAdministrativeExpenses": 0,
    "sellingAndMarketingExpenses": 0,
    "sellingGeneralAndAdministrativeExpenses": 1448000000,
    "otherExpenses": 0,
    "operatingExpenses": 2294000000,
    "costAndExpenses": 3576000000,
    "netInterestIncome": -68000000,
    "interestIncome": 6000000,
    "interestExpense": 74000000,
    "depreciationAndAmortization": 200000000,
    "ebitda": 1713000000,
    "ebit": 1513000000,
    "nonOperatingIncomeExcludingInterest": 22000000,
    "operatingIncome": 1535000000,
    "totalOtherIncomeExpensesNet": -96000000,
    "incomeBeforeTax": 1439000000,
    "incomeTaxExpense": 311000000,
    "netIncomeFromContinuingOperations": 1128000000,
    "netIncomeFromDiscontinuedOperations": 0,
    "otherAdjustmentsToNetIncome": 0,
    "netIncome": 1128000000,
    "netIncomeDeductions": 0,
    "bottomLineNetIncome": 1128000000,
    "eps": 0.71,
    "epsDiluted": 0.7,
    "weightedAverageShsOut": 1587360562,
    "weightedAverageShsOutDil": 1608000000
  },
  {
    "date": "2013-09-30",
    "symbol": "ABBV",
    "reportedCurrency": "USD",
    "cik": "0001551152",
    "filingDate": "2013-11-12",
    "acceptedDate": "2013-11-12 16:57:14",
    "fiscalYear": "2013",
    "period": "Q3",
    "revenue": 4658000000,
    "costOfRevenue": 1092000000,
    "grossProfit": 3566000000,
    "researchAndDevelopmentExpenses": 934000000,
    "generalAndAdministrativeExpenses": 0,
    "sellingAndMarketingExpenses": 0,
    "sellingGeneralAndAdministrativeExpenses": 1261000000,
    "otherExpenses": 0,
    "operatingExpenses": 2195000000,
    "costAndExpenses": 3287000000,
    "netInterestIncome": -69000000,
    "interestIncome": 6000000,
    "interestExpense": 75000000,
    "depreciationAndAmortization": 234000000,
    "ebitda": 1595000000,
    "ebit": 1361000000,
    "nonOperatingIncomeExcludingInterest": 10000000,
    "operatingIncome": 1371000000,
    "totalOtherIncomeExpensesNet": -85000000,
    "incomeBeforeTax": 1286000000,
    "incomeTaxExpense": 322000000,
    "netIncomeFromContinuingOperations": 964000000,
    "netIncomeFromDiscontinuedOperations": 0,
    "otherAdjustmentsToNetIncome": 0,
    "netIncome": 964000000,
    "netIncomeDeductions": 0,
    "bottomLineNetIncome": 964000000,
    "eps": 0.6,
    "epsDiluted": 0.6,
    "weightedAverageShsOut": 1590000000,
    "weightedAverageShsOutDil": 1605000000
  },
  {
    "date": "2013-06-30",
    "symbol": "ABBV",
    "reportedCurrency": "USD",
    "cik": "0001551152",
    "filingDate": "2013-08-09",
    "acceptedDate": "2013-08-09 14:48:29",
    "fiscalYear": "2013",
    "period": "Q2",
    "revenue": 4692000000,
    "costOfRevenue": 1054000000,
    "grossProfit": 3638000000,
    "researchAndDevelopmentExpenses": 779000000,
    "generalAndAdministrativeExpenses": 0,
    "sellingAndMarketingExpenses": 0,
    "sellingGeneralAndAdministrativeExpenses": 1406000000,
    "otherExpenses": 0,
    "operatingExpenses": 2185000000,
    "costAndExpenses": 3239000000,
    "netInterestIncome": -75000000,
    "interestIncome": 4000000,
    "interestExpense": 79000000,
    "depreciationAndAmortization": 236000000,
    "ebitda": 1683000000,
    "ebit": 1447000000,
    "nonOperatingIncomeExcludingInterest": 6000000,
    "operatingIncome": 1453000000,
    "totalOtherIncomeExpensesNet": -85000000,
    "incomeBeforeTax": 1368000000,
    "incomeTaxExpense": 300000000,
    "netIncomeFromContinuingOperations": 1068000000,
    "netIncomeFromDiscontinuedOperations": 0,
    "otherAdjustmentsToNetIncome": 0,
    "netIncome": 1068000000,
    "netIncomeDeductions": 0,
    "bottomLineNetIncome": 1068000000,
    "eps": 0.67,
    "epsDiluted": 0.66,
    "weightedAverageShsOut": 1589000000,
    "weightedAverageShsOutDil": 1609000000
  },
  {
    "date": "2013-03-31",
    "symbol": "ABBV",
    "reportedCurrency": "USD",
    "cik": "0001551152",
    "filingDate": "2013-05-08",
    "acceptedDate": "2013-05-08 16:53:00",
    "fiscalYear": "2013",
    "period": "Q1",
    "revenue": 4329000000,
    "costOfRevenue": 1153000000,
    "grossProfit": 3176000000,
    "researchAndDevelopmentExpenses": 634000000,
    "generalAndAdministrativeExpenses": 0,
    "sellingAndMarketingExpenses": 0,
    "sellingGeneralAndAdministrativeExpenses": 1237000000,
    "otherExpenses": 0,
    "operatingExpenses": 1871000000,
    "costAndExpenses": 3024000000,
    "netInterestIncome": -66000000,
    "interestIncome": 6000000,
    "interestExpense": 72000000,
    "depreciationAndAmortization": 227000000,
    "ebitda": 1538000000,
    "ebit": 1311000000,
    "nonOperatingIncomeExcludingInterest": -6000000,
    "operatingIncome": 1305000000,
    "totalOtherIncomeExpensesNet": -66000000,
    "incomeBeforeTax": 1239000000,
    "incomeTaxExpense": 271000000,
    "netIncomeFromContinuingOperations": 968000000,
    "netIncomeFromDiscontinuedOperations": 0,
    "otherAdjustmentsToNetIncome": 0,
    "netIncome": 968000000,
    "netIncomeDeductions": 0,
    "bottomLineNetIncome": 968000000,
    "eps": 0.61,
    "epsDiluted": 0.6,
    "weightedAverageShsOut": 1588000000,
    "weightedAverageShsOutDil": 1605000000
  },
  {
    "date": "2012-12-31",
    "symbol": "ABBV",
    "reportedCurrency": "USD",
    "cik": "0001551152",
    "filingDate": "2013-03-15",
    "acceptedDate": "2013-03-15 15:05:42",
    "fiscalYear": "2012",
    "period": "Q4",
    "revenue": 5205795000,
    "costOfRevenue": 1265327000,
    "grossProfit": 3940468000,
    "researchAndDevelopmentExpenses": 969221000,
    "generalAndAdministrativeExpenses": 0,
    "sellingAndMarketingExpenses": 0,
    "sellingGeneralAndAdministrativeExpenses": 1410357000,
    "otherExpenses": -260000000,
    "operatingExpenses": 2119578000,
    "costAndExpenses": 3384905000,
    "netInterestIncome": 0,
    "interestIncome": 0,
    "interestExpense": 0,
    "depreciationAndAmortization": 308860000,
    "ebitda": 1881750000,
    "ebit": 1572890000,
    "nonOperatingIncomeExcludingInterest": 248000000,
    "operatingIncome": 1820890000,
    "totalOtherIncomeExpensesNet": -107973000,
    "incomeBeforeTax": 1712917000,
    "incomeTaxExpense": 173275000,
    "netIncomeFromContinuingOperations": 1539642000,
    "netIncomeFromDiscontinuedOperations": 0,
    "otherAdjustmentsToNetIncome": 0,
    "netIncome": 1539642000,
    "netIncomeDeductions": 0,
    "bottomLineNetIncome": 1539642000,
    "eps": 0.97,
    "epsDiluted": 0.96,
    "weightedAverageShsOut": 1583729114,
    "weightedAverageShsOutDil": 1605000000
  },
  {
    "date": "2012-09-30",
    "symbol": "ABBV",
    "reportedCurrency": "USD",
    "cik": "0001551152",
    "filingDate": "2012-09-30",
    "acceptedDate": "2012-09-29 20:00:00",
    "fiscalYear": "2012",
    "period": "Q3",
    "revenue": 4508000000,
    "costOfRevenue": 1014000000,
    "grossProfit": 3494000000,
    "researchAndDevelopmentExpenses": 813000000,
    "generalAndAdministrativeExpenses": 0,
    "sellingAndMarketingExpenses": 0,
    "sellingGeneralAndAdministrativeExpenses": 1085000000,
    "otherExpenses": 0,
    "operatingExpenses": 1898000000,
    "costAndExpenses": 2912000000,
    "netInterestIncome": 1000000,
    "interestIncome": 11000000,
    "interestExpense": 10000000,
    "depreciationAndAmortization": 227000000,
    "ebitda": 1841000000,
    "ebit": 1614000000,
    "nonOperatingIncomeExcludingInterest": -18000000,
    "operatingIncome": 1596000000,
    "totalOtherIncomeExpensesNet": 8000000,
    "incomeBeforeTax": 1604000000,
    "incomeTaxExpense": 19000000,
    "netIncomeFromContinuingOperations": 1585000000,
    "netIncomeFromDiscontinuedOperations": 0,
    "otherAdjustmentsToNetIncome": 0,
    "netIncome": 1585000000,
    "netIncomeDeductions": 0,
    "bottomLineNetIncome": 1585000000,
    "eps": 1,
    "epsDiluted": 1,
    "weightedAverageShsOut": 1577001448,
    "weightedAverageShsOutDil": 1580000000
  },
  {
    "date": "2012-06-30",
    "symbol": "ABBV",
    "reportedCurrency": "USD",
    "cik": "0001551152",
    "filingDate": "2012-06-30",
    "acceptedDate": "2012-06-29 20:00:00",
    "fiscalYear": "2012",
    "period": "Q2",
    "revenue": 4493000000,
    "costOfRevenue": 1073000000,
    "grossProfit": 3420000000,
    "researchAndDevelopmentExpenses": 752000000,
    "generalAndAdministrativeExpenses": 0,
    "sellingAndMarketingExpenses": 0,
    "sellingGeneralAndAdministrativeExpenses": 1246000000,
    "otherExpenses": 0,
    "operatingExpenses": 1998000000,
    "costAndExpenses": 3071000000,
    "netInterestIncome": 2000000,
    "interestIncome": 2000000,
    "interestExpense": 0,
    "depreciationAndAmortization": 295000000,
    "ebitda": 1697000000,
    "ebit": 1402000000,
    "nonOperatingIncomeExcludingInterest": 20000000,
    "operatingIncome": 1422000000,
    "totalOtherIncomeExpensesNet": -20000000,
    "incomeBeforeTax": 1402000000,
    "incomeTaxExpense": 135000000,
    "netIncomeFromContinuingOperations": 1267000000,
    "netIncomeFromDiscontinuedOperations": 0,
    "otherAdjustmentsToNetIncome": 0,
    "netIncome": 1267000000,
    "netIncomeDeductions": 0,
    "bottomLineNetIncome": 1267000000,
    "eps": 0.78,
    "epsDiluted": 0.78,
    "weightedAverageShsOut": 1616000000,
    "weightedAverageShsOutDil": 1625000000
  },
  {
    "date": "2012-03-31",
    "symbol": "ABBV",
    "reportedCurrency": "USD",
    "cik": "0001551152",
    "filingDate": "2012-03-31",
    "acceptedDate": "2012-03-30 20:00:00",
    "fiscalYear": "2012",
    "period": "Q1",
    "revenue": 4173000000,
    "costOfRevenue": 1156000000,
    "grossProfit": 3017000000,
    "researchAndDevelopmentExpenses": 792000000,
    "generalAndAdministrativeExpenses": 0,
    "sellingAndMarketingExpenses": 0,
    "sellingGeneralAndAdministrativeExpenses": 1247000000,
    "otherExpenses": 0,
    "operatingExpenses": 2039000000,
    "costAndExpenses": 3195000000,
    "netInterestIncome": 1000000,
    "interestIncome": 1000000,
    "interestExpense": 0,
    "depreciationAndAmortization": 319000000,
    "ebitda": 1325000000,
    "ebit": 1006000000,
    "nonOperatingIncomeExcludingInterest": -28000000,
    "operatingIncome": 978000000,
    "totalOtherIncomeExpensesNet": 28000000,
    "incomeBeforeTax": 1006000000,
    "incomeTaxExpense": 123000000,
    "netIncomeFromContinuingOperations": 883000000,
    "netIncomeFromDiscontinuedOperations": 0,
    "otherAdjustmentsToNetIncome": 0,
    "netIncome": 883000000,
    "netIncomeDeductions": 0,
    "bottomLineNetIncome": 883000000,
    "eps": 0.55,
    "epsDiluted": 0.54,
    "weightedAverageShsOut": 1616000000,
    "weightedAverageShsOutDil": 1625000000
  },
  {
    "date": "2011-12-31",
    "symbol": "ABBV",
    "reportedCurrency": "USD",
    "cik": "0001551152",
    "filingDate": "2011-12-31",
    "acceptedDate": "2011-12-30 19:00:00",
    "fiscalYear": "2011",
    "period": "Q4",
    "revenue": 4864063000,
    "costOfRevenue": 1176063000,
    "grossProfit": 3688000000,
    "researchAndDevelopmentExpenses": 775129000,
    "generalAndAdministrativeExpenses": 0,
    "sellingAndMarketingExpenses": 0,
    "sellingGeneralAndAdministrativeExpenses": 1134032000,
    "otherExpenses": 400000000,
    "operatingExpenses": 2309161000,
    "costAndExpenses": 3485224000,
    "netInterestIncome": 0,
    "interestIncome": 0,
    "interestExpense": 0,
    "depreciationAndAmortization": 324876000,
    "ebitda": 2103715000,
    "ebit": 1778839000,
    "nonOperatingIncomeExcludingInterest": -400000000,
    "operatingIncome": 1378839000,
    "totalOtherIncomeExpensesNet": -20939000,
    "incomeBeforeTax": 1357900000,
    "incomeTaxExpense": 200337000,
    "netIncomeFromContinuingOperations": 1157563000,
    "netIncomeFromDiscontinuedOperations": 0,
    "otherAdjustmentsToNetIncome": 0,
    "netIncome": 1157563000,
    "netIncomeDeductions": 0,
    "bottomLineNetIncome": 1157563000,
    "eps": 0.73,
    "epsDiluted": 0.73,
    "weightedAverageShsOut": 1580000000,
    "weightedAverageShsOutDil": 1580000000
  },
  {
    "date": "2011-09-30",
    "symbol": "ABBV",
    "reportedCurrency": "USD",
    "cik": "0001551152",
    "filingDate": "2011-09-30",
    "acceptedDate": "2011-09-29 20:00:00",
    "fiscalYear": "2011",
    "period": "Q3",
    "revenue": 4408681000,
    "costOfRevenue": 1148681000,
    "grossProfit": 3260000000,
    "researchAndDevelopmentExpenses": 665521000,
    "generalAndAdministrativeExpenses": 0,
    "sellingAndMarketingExpenses": 0,
    "sellingGeneralAndAdministrativeExpenses": 2540866000,
    "otherExpenses": 0,
    "operatingExpenses": 3206387000,
    "costAndExpenses": 4355068000,
    "netInterestIncome": 0,
    "interestIncome": 0,
    "interestExpense": 0,
    "depreciationAndAmortization": 315233000,
    "ebitda": 368846000,
    "ebit": 53613000,
    "nonOperatingIncomeExcludingInterest": 0,
    "operatingIncome": 53613000,
    "totalOtherIncomeExpensesNet": 17960000,
    "incomeBeforeTax": 71573000,
    "incomeTaxExpense": 59238000,
    "netIncomeFromContinuingOperations": 12335000,
    "netIncomeFromDiscontinuedOperations": 0,
    "otherAdjustmentsToNetIncome": 0,
    "netIncome": 12335000,
    "netIncomeDeductions": 0,
    "bottomLineNetIncome": 12335000,
    "eps": 0.0078,
    "epsDiluted": 0.0078,
    "weightedAverageShsOut": 1580000000,
    "weightedAverageShsOutDil": 1580000000
  },
  {
    "date": "2011-06-30",
    "symbol": "ABBV",
    "reportedCurrency": "USD",
    "cik": "0001551152",
    "filingDate": "2011-06-30",
    "acceptedDate": "2011-06-29 20:00:00",
    "fiscalYear": "2011",
    "period": "Q2",
    "revenue": 4274445000,
    "costOfRevenue": 1107338000,
    "grossProfit": 3167107000,
    "researchAndDevelopmentExpenses": 589759000,
    "generalAndAdministrativeExpenses": 0,
    "sellingAndMarketingExpenses": 0,
    "sellingGeneralAndAdministrativeExpenses": 1041004000,
    "otherExpenses": 172500000,
    "operatingExpenses": 1803263000,
    "costAndExpenses": 2910601000,
    "netInterestIncome": 0,
    "interestIncome": 0,
    "interestExpense": 0,
    "depreciationAndAmortization": 317610000,
    "ebitda": 1853954000,
    "ebit": 1536344000,
    "nonOperatingIncomeExcludingInterest": -172500000,
    "operatingIncome": 1363844000,
    "totalOtherIncomeExpensesNet": 16888000,
    "incomeBeforeTax": 1380732000,
    "incomeTaxExpense": -159299000,
    "netIncomeFromContinuingOperations": 1540031000,
    "netIncomeFromDiscontinuedOperations": 0,
    "otherAdjustmentsToNetIncome": 0,
    "netIncome": 1540031000,
    "netIncomeDeductions": 0,
    "bottomLineNetIncome": 1540031000,
    "eps": 0.97,
    "epsDiluted": 0.97,
    "weightedAverageShsOut": 1580000000,
    "weightedAverageShsOutDil": 1580000000
  },
  {
    "date": "2011-03-31",
    "symbol": "ABBV",
    "reportedCurrency": "USD",
    "cik": "0001551152",
    "filingDate": "2011-03-31",
    "acceptedDate": "2011-03-30 20:00:00",
    "fiscalYear": "2011",
    "period": "Q1",
    "revenue": 3896762000,
    "costOfRevenue": 1207311000,
    "grossProfit": 2689451000,
    "researchAndDevelopmentExpenses": 587097000,
    "generalAndAdministrativeExpenses": 0,
    "sellingAndMarketingExpenses": 0,
    "sellingGeneralAndAdministrativeExpenses": 1177918000,
    "otherExpenses": 100000000,
    "operatingExpenses": 1865015000,
    "costAndExpenses": 3072326000,
    "netInterestIncome": 0,
    "interestIncome": 0,
    "interestExpense": 0,
    "depreciationAndAmortization": 314475000,
    "ebitda": 1238911000,
    "ebit": 924436000,
    "nonOperatingIncomeExcludingInterest": -100000000,
    "operatingIncome": 824436000,
    "totalOtherIncomeExpensesNet": 33886000,
    "incomeBeforeTax": 858322000,
    "incomeTaxExpense": 135123000,
    "netIncomeFromContinuingOperations": 723199000,
    "netIncomeFromDiscontinuedOperations": 0,
    "otherAdjustmentsToNetIncome": 0,
    "netIncome": 723199000,
    "netIncomeDeductions": 0,
    "bottomLineNetIncome": 723199000,
    "eps": 0.45,
    "epsDiluted": 0.45,
    "weightedAverageShsOut": 1616000000,
    "weightedAverageShsOutDil": 1625000000
  }
]