[
  {
    "date": "2025-11-27",
    "symbol": "MU",
    "reportedCurrency": "USD",
    "cik": "0000723125",
    "filingDate": "2025-12-18",
    "acceptedDate": "2025-12-17 18:47:44",
    "fiscalYear": "2026",
    "period": "Q1",
    "revenue": 13643000000,
    "costOfRevenue": 5991000000,
    "grossProfit": 7652000000,
    "researchAndDevelopmentExpenses": 1171000000,
    "generalAndAdministrativeExpenses": 0,
    "sellingAndMarketingExpenses": 0,
    "sellingGeneralAndAdministrativeExpenses": 337000000,
    "otherExpenses": 0,
    "operatingExpenses": 1508000000,
    "costAndExpenses": 7499000000,
    "netInterestIncome": 65000000,
    "interestIncome": 139000000,
    "interestExpense": 74000000,
    "depreciationAndAmortization": 2212000000,
    "ebitda": 8347000000,
    "ebit": 6135000000,
    "nonOperatingIncomeExcludingInterest": 9000000,
    "operatingIncome": 6144000000,
    "totalOtherIncomeExpensesNet": -75000000,
    "incomeBeforeTax": 6069000000,
    "incomeTaxExpense": 829000000,
    "netIncomeFromContinuingOperations": 5240000000,
    "netIncomeFromDiscontinuedOperations": 0,
    "otherAdjustmentsToNetIncome": 0,
    "netIncome": 5240000000,
    "netIncomeDeductions": 0,
    "bottomLineNetIncome": 5240000000,
    "eps": 4.66,
    "epsDiluted": 4.6,
    "weightedAverageShsOut": 1125000000,
    "weightedAverageShsOutDil": 1138000000
  },
  {
    "date": "2025-08-28",
    "symbol": "MU",
    "reportedCurrency": "USD",
    "cik": "0000723125",
    "filingDate": "2025-10-03",
    "acceptedDate": "2025-10-03 14:42:25",
    "fiscalYear": "2025",
    "period": "Q4",
    "revenue": 11315000000,
    "costOfRevenue": 6261000000,
    "grossProfit": 5054000000,
    "researchAndDevelopmentExpenses": 1029000000,
    "generalAndAdministrativeExpenses": 0,
    "sellingAndMarketingExpenses": 0,
    "sellingGeneralAndAdministrativeExpenses": 314000000,
    "otherExpenses": -43000000,
    "operatingExpenses": 1300000000,
    "costAndExpenses": 7561000000,
    "netInterestIncome": 22000000,
    "interestIncome": 146000000,
    "interestExpense": 124000000,
    "depreciationAndAmortization": 2184000000,
    "ebitda": 5945000000,
    "ebit": 3761000000,
    "nonOperatingIncomeExcludingInterest": -7000000,
    "operatingIncome": 3754000000,
    "totalOtherIncomeExpensesNet": -117000000,
    "incomeBeforeTax": 3637000000,
    "incomeTaxExpense": 429000000,
    "netIncomeFromContinuingOperations": 3208000000,
    "netIncomeFromDiscontinuedOperations": 0,
    "otherAdjustmentsToNetIncome": -7000000,
    "netIncome": 3201000000,
    "netIncomeDeductions": 0,
    "bottomLineNetIncome": 3201000000,
    "eps": 2.86,
    "epsDiluted": 2.83,
    "weightedAverageShsOut": 1116000000,
    "weightedAverageShsOutDil": 1125000000
  },
  {
    "date": "2025-05-29",
    "symbol": "MU",
    "reportedCurrency": "USD",
    "cik": "0000723125",
    "filingDate": "2025-06-26",
    "acceptedDate": "2025-06-25 18:50:42",
    "fiscalYear": "2025",
    "period": "Q3",
    "revenue": 9301000000,
    "costOfRevenue": 5793000000,
    "grossProfit": 3508000000,
    "researchAndDevelopmentExpenses": 965000000,
    "generalAndAdministrativeExpenses": 0,
    "sellingAndMarketingExpenses": 0,
    "sellingGeneralAndAdministrativeExpenses": 318000000,
    "otherExpenses": 56000000,
    "operatingExpenses": 1339000000,
    "costAndExpenses": 7132000000,
    "netInterestIncome": 12000000,
    "interestIncome": 135000000,
    "interestExpense": 123000000,
    "depreciationAndAmortization": 2094000000,
    "ebitda": 4330000000,
    "ebit": 2236000000,
    "nonOperatingIncomeExcludingInterest": -67000000,
    "operatingIncome": 2169000000,
    "totalOtherIncomeExpensesNet": -56000000,
    "incomeBeforeTax": 2113000000,
    "incomeTaxExpense": 235000000,
    "netIncomeFromContinuingOperations": 1878000000,
    "netIncomeFromDiscontinuedOperations": 0,
    "otherAdjustmentsToNetIncome": 7000000,
    "netIncome": 1885000000,
    "netIncomeDeductions": 0,
    "bottomLineNetIncome": 1885000000,
    "eps": 1.69,
    "epsDiluted": 1.68,
    "weightedAverageShsOut": 1118000000,
    "weightedAverageShsOutDil": 1125000000
  },
  {
    "date": "2025-02-27",
    "symbol": "MU",
    "reportedCurrency": "USD",
    "cik": "0000723125",
    "filingDate": "2025-03-21",
    "acceptedDate": "2025-03-20 19:20:23",
    "fiscalYear": "2025",
    "period": "Q2",
    "revenue": 8053000000,
    "costOfRevenue": 5090000000,
    "grossProfit": 2963000000,
    "researchAndDevelopmentExpenses": 898000000,
    "generalAndAdministrativeExpenses": 0,
    "sellingAndMarketingExpenses": 0,
    "sellingGeneralAndAdministrativeExpenses": 285000000,
    "otherExpenses": 7000000,
    "operatingExpenses": 1190000000,
    "costAndExpenses": 6280000000,
    "netInterestIncome": -4000000,
    "interestIncome": 108000000,
    "interestExpense": 112000000,
    "depreciationAndAmortization": 2044000000,
    "ebitda": 3817000000,
    "ebit": 1773000000,
    "nonOperatingIncomeExcludingInterest": 0,
    "operatingIncome": 1773000000,
    "totalOtherIncomeExpensesNet": -13000000,
    "incomeBeforeTax": 1760000000,
    "incomeTaxExpense": 177000000,
    "netIncomeFromContinuingOperations": 1583000000,
    "netIncomeFromDiscontinuedOperations": 0,
    "otherAdjustmentsToNetIncome": 0,
    "netIncome": 1583000000,
    "netIncomeDeductions": 0,
    "bottomLineNetIncome": 1583000000,
    "eps": 1.42,
    "epsDiluted": 1.41,
    "weightedAverageShsOut": 1115000000,
    "weightedAverageShsOutDil": 1123000000
  },
  {
    "date": "2024-11-28",
    "symbol": "MU",
    "reportedCurrency": "USD",
    "cik": "0000723125",
    "filingDate": "2024-12-19",
    "acceptedDate": "2024-12-18 18:52:13",
    "fiscalYear": "2025",
    "period": "Q1",
    "revenue": 8709000000,
    "costOfRevenue": 5361000000,
    "grossProfit": 3348000000,
    "researchAndDevelopmentExpenses": 906000000,
    "generalAndAdministrativeExpenses": 0,
    "sellingAndMarketingExpenses": 0,
    "sellingGeneralAndAdministrativeExpenses": 288000000,
    "otherExpenses": -20000000,
    "operatingExpenses": 1174000000,
    "costAndExpenses": 6535000000,
    "netInterestIncome": -11000000,
    "interestIncome": 107000000,
    "interestExpense": 118000000,
    "depreciationAndAmortization": 2030000000,
    "ebitda": 4204000000,
    "ebit": 2174000000,
    "nonOperatingIncomeExcludingInterest": 0,
    "operatingIncome": 2174000000,
    "totalOtherIncomeExpensesNet": -21000000,
    "incomeBeforeTax": 2153000000,
    "incomeTaxExpense": 283000000,
    "netIncomeFromContinuingOperations": 1870000000,
    "netIncomeFromDiscontinuedOperations": 0,
    "otherAdjustmentsToNetIncome": 0,
    "netIncome": 1870000000,
    "netIncomeDeductions": 0,
    "bottomLineNetIncome": 1870000000,
    "eps": 1.68,
    "epsDiluted": 1.67,
    "weightedAverageShsOut": 1111000000,
    "weightedAverageShsOutDil": 1122000000
  },
  {
    "date": "2024-08-29",
    "symbol": "MU",
    "reportedCurrency": "USD",
    "cik": "0000723125",
    "filingDate": "2024-10-04",
    "acceptedDate": "2024-10-04 16:12:50",
    "fiscalYear": "2024",
    "period": "Q4",
    "revenue": 7750000000,
    "costOfRevenue": 5013000000,
    "grossProfit": 2737000000,
    "researchAndDevelopmentExpenses": 903000000,
    "generalAndAdministrativeExpenses": 0,
    "sellingAndMarketingExpenses": 0,
    "sellingGeneralAndAdministrativeExpenses": 295000000,
    "otherExpenses": 17000000,
    "operatingExpenses": 1215000000,
    "costAndExpenses": 6228000000,
    "netInterestIncome": -5000000,
    "interestIncome": 131000000,
    "interestExpense": 136000000,
    "depreciationAndAmortization": 1904000000,
    "ebitda": 3431000000,
    "ebit": 1527000000,
    "nonOperatingIncomeExcludingInterest": -5000000,
    "operatingIncome": 1522000000,
    "totalOtherIncomeExpensesNet": -12000000,
    "incomeBeforeTax": 1510000000,
    "incomeTaxExpense": 623000000,
    "netIncomeFromContinuingOperations": 887000000,
    "netIncomeFromDiscontinuedOperations": 0,
    "otherAdjustmentsToNetIncome": 0,
    "netIncome": 887000000,
    "netIncomeDeductions": 0,
    "bottomLineNetIncome": 887000000,
    "eps": 0.8,
    "epsDiluted": 0.79,
    "weightedAverageShsOut": 1108000000,
    "weightedAverageShsOutDil": 1125000000
  },
  {
    "date": "2024-05-30",
    "symbol": "MU",
    "reportedCurrency": "USD",
    "cik": "0000723125",
    "filingDate": "2024-06-27",
    "acceptedDate": "2024-06-27 13:19:29",
    "fiscalYear": "2024",
    "period": "Q3",
    "revenue": 6811000000,
    "costOfRevenue": 4979000000,
    "grossProfit": 1832000000,
    "researchAndDevelopmentExpenses": 850000000,
    "generalAndAdministrativeExpenses": 0,
    "sellingAndMarketingExpenses": 0,
    "sellingGeneralAndAdministrativeExpenses": 291000000,
    "otherExpenses": -28000000,
    "operatingExpenses": 1113000000,
    "costAndExpenses": 6092000000,
    "netInterestIncome": -14000000,
    "interestIncome": 136000000,
    "interestExpense": 150000000,
    "depreciationAndAmortization": 1955000000,
    "ebitda": 2636000000,
    "ebit": 681000000,
    "nonOperatingIncomeExcludingInterest": 38000000,
    "operatingIncome": 719000000,
    "totalOtherIncomeExpensesNet": -10000000,
    "incomeBeforeTax": 709000000,
    "incomeTaxExpense": 377000000,
    "netIncomeFromContinuingOperations": 332000000,
    "netIncomeFromDiscontinuedOperations": 0,
    "otherAdjustmentsToNetIncome": 0,
    "netIncome": 332000000,
    "netIncomeDeductions": 0,
    "bottomLineNetIncome": 332000000,
    "eps": 0.3,
    "epsDiluted": 0.3,
    "weightedAverageShsOut": 1107000000,
    "weightedAverageShsOutDil": 1123000000
  },
  {
    "date": "2024-02-29",
    "symbol": "MU",
    "reportedCurrency": "USD",
    "cik": "0000723125",
    "filingDate": "2024-03-21",
    "acceptedDate": "2024-03-21 13:17:48",
    "fiscalYear": "2024",
    "period": "Q2",
    "revenue": 5824000000,
    "costOfRevenue": 4745000000,
    "grossProfit": 1079000000,
    "researchAndDevelopmentExpenses": 832000000,
    "generalAndAdministrativeExpenses": 52000000,
    "sellingAndMarketingExpenses": 228000000,
    "sellingGeneralAndAdministrativeExpenses": 280000000,
    "otherExpenses": -224000000,
    "operatingExpenses": 888000000,
    "costAndExpenses": 5633000000,
    "netInterestIncome": -14000000,
    "interestIncome": 130000000,
    "interestExpense": 144000000,
    "depreciationAndAmortization": 1883000000,
    "ebitda": 2074000000,
    "ebit": 191000000,
    "nonOperatingIncomeExcludingInterest": 0,
    "operatingIncome": 191000000,
    "totalOtherIncomeExpensesNet": -20000000,
    "incomeBeforeTax": 171000000,
    "incomeTaxExpense": -622000000,
    "netIncomeFromContinuingOperations": 793000000,
    "netIncomeFromDiscontinuedOperations": 0,
    "otherAdjustmentsToNetIncome": 0,
    "netIncome": 793000000,
    "netIncomeDeductions": 0,
    "bottomLineNetIncome": 793000000,
    "eps": 0.72,
    "epsDiluted": 0.71,
    "weightedAverageShsOut": 1104000000,
    "weightedAverageShsOutDil": 1114000000
  },
  {
    "date": "2023-11-30",
    "symbol": "MU",
    "reportedCurrency": "USD",
    "cik": "0000723125",
    "filingDate": "2023-12-21",
    "acceptedDate": "2023-12-21 13:05:34",
    "fiscalYear": "2024",
    "period": "Q1",
    "revenue": 4726000000,
    "costOfRevenue": 4761000000,
    "grossProfit": -35000000,
    "researchAndDevelopmentExpenses": 865000000,
    "generalAndAdministrativeExpenses": 0,
    "sellingAndMarketingExpenses": 0,
    "sellingGeneralAndAdministrativeExpenses": 263000000,
    "otherExpenses": -35000000,
    "operatingExpenses": 1093000000,
    "costAndExpenses": 5854000000,
    "netInterestIncome": 0,
    "interestIncome": 132000000,
    "interestExpense": 132000000,
    "depreciationAndAmortization": 1915000000,
    "ebitda": 787000000,
    "ebit": -1128000000,
    "nonOperatingIncomeExcludingInterest": 0,
    "operatingIncome": -1128000000,
    "totalOtherIncomeExpensesNet": -33000000,
    "incomeBeforeTax": -1161000000,
    "incomeTaxExpense": 73000000,
    "netIncomeFromContinuingOperations": -1234000000,
    "netIncomeFromDiscontinuedOperations": 0,
    "otherAdjustmentsToNetIncome": 0,
    "netIncome": -1234000000,
    "netIncomeDeductions": 0,
    "bottomLineNetIncome": -1234000000,
    "eps": -1.12,
    "epsDiluted": -1.12,
    "weightedAverageShsOut": 1100000000,
    "weightedAverageShsOutDil": 1100000000
  },
  {
    "date": "2023-08-31",
    "symbol": "MU",
    "reportedCurrency": "USD",
    "cik": "0000723125",
    "filingDate": "2023-10-06",
    "acceptedDate": "2023-10-06 16:01:37",
    "fiscalYear": "2023",
    "period": "Q4",
    "revenue": 4010000000,
    "costOfRevenue": 4445000000,
    "grossProfit": -435000000,
    "researchAndDevelopmentExpenses": 719000000,
    "generalAndAdministrativeExpenses": 0,
    "sellingAndMarketingExpenses": 0,
    "sellingGeneralAndAdministrativeExpenses": 219000000,
    "otherExpenses": 99000000,
    "operatingExpenses": 1037000000,
    "costAndExpenses": 5482000000,
    "netInterestIncome": 5000000,
    "interestIncome": 134000000,
    "interestExpense": 129000000,
    "depreciationAndAmortization": 1851000000,
    "ebitda": 476000000,
    "ebit": -1375000000,
    "nonOperatingIncomeExcludingInterest": -97000000,
    "operatingIncome": -1472000000,
    "totalOtherIncomeExpensesNet": 18000000,
    "incomeBeforeTax": -1454000000,
    "incomeTaxExpense": -24000000,
    "netIncomeFromContinuingOperations": -1430000000,
    "netIncomeFromDiscontinuedOperations": 0,
    "otherAdjustmentsToNetIncome": 0,
    "netIncome": -1430000000,
    "netIncomeDeductions": 0,
    "bottomLineNetIncome": -1430000000,
    "eps": -1.31,
    "epsDiluted": -1.31,
    "weightedAverageShsOut": 1095000000,
    "weightedAverageShsOutDil": 1095000000
  },
  {
    "date": "2023-06-01",
    "symbol": "MU",
    "reportedCurrency": "USD",
    "cik": "0000723125",
    "filingDate": "2023-06-29",
    "acceptedDate": "2023-06-29 15:34:20",
    "fiscalYear": "2023",
    "period": "Q3",
    "revenue": 3752000000,
    "costOfRevenue": 4420000000,
    "grossProfit": -668000000,
    "researchAndDevelopmentExpenses": 758000000,
    "generalAndAdministrativeExpenses": 0,
    "sellingAndMarketingExpenses": 0,
    "sellingGeneralAndAdministrativeExpenses": 219000000,
    "otherExpenses": 116000000,
    "operatingExpenses": 1093000000,
    "costAndExpenses": 5513000000,
    "netInterestIncome": 8000000,
    "interestIncome": 127000000,
    "interestExpense": 119000000,
    "depreciationAndAmortization": 1956000000,
    "ebitda": 307000000,
    "ebit": -1649000000,
    "nonOperatingIncomeExcludingInterest": -112000000,
    "operatingIncome": -1761000000,
    "totalOtherIncomeExpensesNet": 4000000,
    "incomeBeforeTax": -1757000000,
    "incomeTaxExpense": 139000000,
    "netIncomeFromContinuingOperations": -1896000000,
    "netIncomeFromDiscontinuedOperations": 0,
    "otherAdjustmentsToNetIncome": 0,
    "netIncome": -1896000000,
    "netIncomeDeductions": 0,
    "bottomLineNetIncome": -1896000000,
    "eps": -1.73,
    "epsDiluted": -1.73,
    "weightedAverageShsOut": 1094000000,
    "weightedAverageShsOutDil": 1094000000
  },
  {
    "date": "2023-03-02",
    "symbol": "MU",
    "reportedCurrency": "USD",
    "cik": "0000723125",
    "filingDate": "2023-03-29",
    "acceptedDate": "2023-03-29 16:48:21",
    "fiscalYear": "2023",
    "period": "Q2",
    "revenue": 3693000000,
    "costOfRevenue": 4899000000,
    "grossProfit": -1206000000,
    "researchAndDevelopmentExpenses": 788000000,
    "generalAndAdministrativeExpenses": 36000000,
    "sellingAndMarketingExpenses": 195000000,
    "sellingGeneralAndAdministrativeExpenses": 231000000,
    "otherExpenses": 78000000,
    "operatingExpenses": 1097000000,
    "costAndExpenses": 5996000000,
    "netInterestIncome": 30000000,
    "interestIncome": 119000000,
    "interestExpense": 89000000,
    "depreciationAndAmortization": 1942000000,
    "ebitda": -275000000,
    "ebit": -2217000000,
    "nonOperatingIncomeExcludingInterest": -86000000,
    "operatingIncome": -2303000000,
    "totalOtherIncomeExpensesNet": 45000000,
    "incomeBeforeTax": -2258000000,
    "incomeTaxExpense": 54000000,
    "netIncomeFromContinuingOperations": -2312000000,
    "netIncomeFromDiscontinuedOperations": 0,
    "otherAdjustmentsToNetIncome": 0,
    "netIncome": -2312000000,
    "netIncomeDeductions": 0,
    "bottomLineNetIncome": -2312000000,
    "eps": -2.13,
    "epsDiluted": -2.13,
    "weightedAverageShsOut": 1091000000,
    "weightedAverageShsOutDil": 1091000000
  },
  {
    "date": "2022-12-01",
    "symbol": "MU",
    "reportedCurrency": "USD",
    "cik": "0000723125",
    "filingDate": "2022-12-22",
    "acceptedDate": "2022-12-22 12:38:24",
    "fiscalYear": "2023",
    "period": "Q1",
    "revenue": 4085000000,
    "costOfRevenue": 3192000000,
    "grossProfit": 893000000,
    "researchAndDevelopmentExpenses": 872000000,
    "generalAndAdministrativeExpenses": 0,
    "sellingAndMarketingExpenses": 0,
    "sellingGeneralAndAdministrativeExpenses": 251000000,
    "otherExpenses": -21000000,
    "operatingExpenses": 1102000000,
    "costAndExpenses": 4294000000,
    "netInterestIncome": 37000000,
    "interestIncome": 88000000,
    "interestExpense": 51000000,
    "depreciationAndAmortization": 1921000000,
    "ebitda": 1725000000,
    "ebit": -196000000,
    "nonOperatingIncomeExcludingInterest": -13000000,
    "operatingIncome": -209000000,
    "totalOtherIncomeExpensesNet": 22000000,
    "incomeBeforeTax": -187000000,
    "incomeTaxExpense": 8000000,
    "netIncomeFromContinuingOperations": -195000000,
    "netIncomeFromDiscontinuedOperations": 0,
    "otherAdjustmentsToNetIncome": 0,
    "netIncome": -195000000,
    "netIncomeDeductions": 0,
    "bottomLineNetIncome": -195000000,
    "eps": -0.17,
    "epsDiluted": -0.17,
    "weightedAverageShsOut": 1090000000,
    "weightedAverageShsOutDil": 1090000000
  },
  {
    "date": "2022-09-01",
    "symbol": "MU",
    "reportedCurrency": "USD",
    "cik": "0000723125",
    "filingDate": "2022-10-07",
    "acceptedDate": "2022-10-07 14:57:09",
    "fiscalYear": "2022",
    "period": "Q4",
    "revenue": 6643000000,
    "costOfRevenue": 4021000000,
    "grossProfit": 2622000000,
    "researchAndDevelopmentExpenses": 839000000,
    "generalAndAdministrativeExpenses": 0,
    "sellingAndMarketingExpenses": 0,
    "sellingGeneralAndAdministrativeExpenses": 280000000,
    "otherExpenses": -18000000,
    "operatingExpenses": 1101000000,
    "costAndExpenses": 5122000000,
    "netInterestIncome": 9000000,
    "interestIncome": 54000000,
    "interestExpense": 45000000,
    "depreciationAndAmortization": 1797000000,
    "ebitda": 3298000000,
    "ebit": 1501000000,
    "nonOperatingIncomeExcludingInterest": 20000000,
    "operatingIncome": 1521000000,
    "totalOtherIncomeExpensesNet": 27000000,
    "incomeBeforeTax": 1548000000,
    "incomeTaxExpense": 56000000,
    "netIncomeFromContinuingOperations": 1492000000,
    "netIncomeFromDiscontinuedOperations": 0,
    "otherAdjustmentsToNetIncome": 0,
    "netIncome": 1492000000,
    "netIncomeDeductions": 0,
    "bottomLineNetIncome": 1492000000,
    "eps": 1.36,
    "epsDiluted": 1.35,
    "weightedAverageShsOut": 1097000000,
    "weightedAverageShsOutDil": 1106000000
  },
  {
    "date": "2022-06-02",
    "symbol": "MU",
    "reportedCurrency": "USD",
    "cik": "0000723125",
    "filingDate": "2022-07-01",
    "acceptedDate": "2022-06-30 17:47:52",
    "fiscalYear": "2022",
    "period": "Q3",
    "revenue": 8642000000,
    "costOfRevenue": 4607000000,
    "grossProfit": 4035000000,
    "researchAndDevelopmentExpenses": 773000000,
    "generalAndAdministrativeExpenses": 0,
    "sellingAndMarketingExpenses": 0,
    "sellingGeneralAndAdministrativeExpenses": 264000000,
    "otherExpenses": -6000000,
    "operatingExpenses": 1031000000,
    "costAndExpenses": 5638000000,
    "netInterestIncome": -24000000,
    "interestIncome": 20000000,
    "interestExpense": 44000000,
    "depreciationAndAmortization": 1821000000,
    "ebitda": 4820000000,
    "ebit": 2999000000,
    "nonOperatingIncomeExcludingInterest": 5000000,
    "operatingIncome": 3004000000,
    "totalOtherIncomeExpensesNet": -20000000,
    "incomeBeforeTax": 2984000000,
    "incomeTaxExpense": 358000000,
    "netIncomeFromContinuingOperations": 2626000000,
    "netIncomeFromDiscontinuedOperations": 0,
    "otherAdjustmentsToNetIncome": 0,
    "netIncome": 2626000000,
    "netIncomeDeductions": 0,
    "bottomLineNetIncome": 2626000000,
    "eps": 2.36,
    "epsDiluted": 2.34,
    "weightedAverageShsOut": 1112000000,
    "weightedAverageShsOutDil": 1121000000
  },
  {
    "date": "2022-03-03",
    "symbol": "MU",
    "reportedCurrency": "USD",
    "cik": "0000723125",
    "filingDate": "2022-03-30",
    "acceptedDate": "2022-03-30 15:47:32",
    "fiscalYear": "2022",
    "period": "Q2",
    "revenue": 7786000000,
    "costOfRevenue": 4110000000,
    "grossProfit": 3676000000,
    "researchAndDevelopmentExpenses": 792000000,
    "generalAndAdministrativeExpenses": 0,
    "sellingAndMarketingExpenses": 0,
    "sellingGeneralAndAdministrativeExpenses": 263000000,
    "otherExpenses": 75000000,
    "operatingExpenses": 1130000000,
    "costAndExpenses": 5240000000,
    "netInterestIncome": -43000000,
    "interestIncome": 12000000,
    "interestExpense": 55000000,
    "depreciationAndAmortization": 1742000000,
    "ebitda": 4293000000,
    "ebit": 2551000000,
    "nonOperatingIncomeExcludingInterest": -5000000,
    "operatingIncome": 2546000000,
    "totalOtherIncomeExpensesNet": -28000000,
    "incomeBeforeTax": 2518000000,
    "incomeTaxExpense": 255000000,
    "netIncomeFromContinuingOperations": 2263000000,
    "netIncomeFromDiscontinuedOperations": 0,
    "otherAdjustmentsToNetIncome": 0,
    "netIncome": 2263000000,
    "netIncomeDeductions": 0,
    "bottomLineNetIncome": 2263000000,
    "eps": 2,
    "epsDiluted": 2,
    "weightedAverageShsOut": 1119000000,
    "weightedAverageShsOutDil": 1130000000
  },
  {
    "date": "2021-12-02",
    "symbol": "MU",
    "reportedCurrency": "USD",
    "cik": "0000723125",
    "filingDate": "2022-01-06",
    "acceptedDate": "2022-01-06 15:27:43",
    "fiscalYear": "2022",
    "period": "Q1",
    "revenue": 7687000000,
    "costOfRevenue": 4122000000,
    "grossProfit": 3565000000,
    "researchAndDevelopmentExpenses": 732000000,
    "generalAndAdministrativeExpenses": 0,
    "sellingAndMarketingExpenses": 0,
    "sellingGeneralAndAdministrativeExpenses": 254000000,
    "otherExpenses": -52000000,
    "operatingExpenses": 934000000,
    "costAndExpenses": 5056000000,
    "netInterestIncome": -35000000,
    "interestIncome": 10000000,
    "interestExpense": 45000000,
    "depreciationAndAmortization": 1671000000,
    "ebitda": 4345000000,
    "ebit": 2674000000,
    "nonOperatingIncomeExcludingInterest": -43000000,
    "operatingIncome": 2631000000,
    "totalOtherIncomeExpensesNet": -106000000,
    "incomeBeforeTax": 2525000000,
    "incomeTaxExpense": 219000000,
    "netIncomeFromContinuingOperations": 2306000000,
    "netIncomeFromDiscontinuedOperations": 0,
    "otherAdjustmentsToNetIncome": 0,
    "netIncome": 2306000000,
    "netIncomeDeductions": 0,
    "bottomLineNetIncome": 2306000000,
    "eps": 2.06,
    "epsDiluted": 2.04,
    "weightedAverageShsOut": 1119000000,
    "weightedAverageShsOutDil": 1130000000
  },
  {
    "date": "2021-09-02",
    "symbol": "MU",
    "reportedCurrency": "USD",
    "cik": "0000723125",
    "filingDate": "2021-10-08",
    "acceptedDate": "2021-10-08 13:23:24",
    "fiscalYear": "2021",
    "period": "Q4",
    "revenue": 8274000000,
    "costOfRevenue": 4362000000,
    "grossProfit": 3912000000,
    "researchAndDevelopmentExpenses": 705000000,
    "generalAndAdministrativeExpenses": 0,
    "sellingAndMarketingExpenses": 0,
    "sellingGeneralAndAdministrativeExpenses": 236000000,
    "otherExpenses": 16000000,
    "operatingExpenses": 957000000,
    "costAndExpenses": 5319000000,
    "netInterestIncome": -38000000,
    "interestIncome": 9000000,
    "interestExpense": 47000000,
    "depreciationAndAmortization": 1621000000,
    "ebitda": 4574000000,
    "ebit": 2953000000,
    "nonOperatingIncomeExcludingInterest": 2000000,
    "operatingIncome": 2955000000,
    "totalOtherIncomeExpensesNet": -5000000,
    "incomeBeforeTax": 2950000000,
    "incomeTaxExpense": 230000000,
    "netIncomeFromContinuingOperations": 2720000000,
    "netIncomeFromDiscontinuedOperations": 0,
    "otherAdjustmentsToNetIncome": 0,
    "netIncome": 2720000000,
    "netIncomeDeductions": 0,
    "bottomLineNetIncome": 2720000000,
    "eps": 2.42,
    "epsDiluted": 2.39,
    "weightedAverageShsOut": 1123000000,
    "weightedAverageShsOutDil": 1138000000
  },
  {
    "date": "2021-06-03",
    "symbol": "MU",
    "reportedCurrency": "USD",
    "cik": "0000723125",
    "filingDate": "2021-07-01",
    "acceptedDate": "2021-07-01 14:04:20",
    "fiscalYear": "2021",
    "period": "Q3",
    "revenue": 7422000000,
    "costOfRevenue": 4296000000,
    "grossProfit": 3126000000,
    "researchAndDevelopmentExpenses": 670000000,
    "generalAndAdministrativeExpenses": 0,
    "sellingAndMarketingExpenses": 0,
    "sellingGeneralAndAdministrativeExpenses": 230000000,
    "otherExpenses": 427000000,
    "operatingExpenses": 1327000000,
    "costAndExpenses": 5623000000,
    "netInterestIncome": -38000000,
    "interestIncome": 8000000,
    "interestExpense": 46000000,
    "depreciationAndAmortization": 1557000000,
    "ebitda": 3809000000,
    "ebit": 2252000000,
    "nonOperatingIncomeExcludingInterest": -453000000,
    "operatingIncome": 1799000000,
    "totalOtherIncomeExpensesNet": 1000000,
    "incomeBeforeTax": 1800000000,
    "incomeTaxExpense": 65000000,
    "netIncomeFromContinuingOperations": 1735000000,
    "netIncomeFromDiscontinuedOperations": 0,
    "otherAdjustmentsToNetIncome": 0,
    "netIncome": 1735000000,
    "netIncomeDeductions": 0,
    "bottomLineNetIncome": 1735000000,
    "eps": 1.55,
    "epsDiluted": 1.52,
    "weightedAverageShsOut": 1121000000,
    "weightedAverageShsOutDil": 1145000000
  },
  {
    "date": "2021-03-04",
    "symbol": "MU",
    "reportedCurrency": "USD",
    "cik": "0000723125",
    "filingDate": "2021-04-01",
    "acceptedDate": "2021-04-01 13:49:08",
    "fiscalYear": "2021",
    "period": "Q2",
    "revenue": 6236000000,
    "costOfRevenue": 4587000000,
    "grossProfit": 1649000000,
    "researchAndDevelopmentExpenses": 641000000,
    "generalAndAdministrativeExpenses": 0,
    "sellingAndMarketingExpenses": 0,
    "sellingGeneralAndAdministrativeExpenses": 214000000,
    "otherExpenses": 131000000,
    "operatingExpenses": 986000000,
    "costAndExpenses": 5573000000,
    "netInterestIncome": -32000000,
    "interestIncome": 10000000,
    "interestExpense": 42000000,
    "depreciationAndAmortization": 1549000000,
    "ebitda": 2217000000,
    "ebit": 668000000,
    "nonOperatingIncomeExcludingInterest": -5000000,
    "operatingIncome": 663000000,
    "totalOtherIncomeExpensesNet": -12000000,
    "incomeBeforeTax": 651000000,
    "incomeTaxExpense": 48000000,
    "netIncomeFromContinuingOperations": 603000000,
    "netIncomeFromDiscontinuedOperations": 0,
    "otherAdjustmentsToNetIncome": 0,
    "netIncome": 603000000,
    "netIncomeDeductions": 0,
    "bottomLineNetIncome": 603000000,
    "eps": 0.54,
    "epsDiluted": 0.53,
    "weightedAverageShsOut": 1120000000,
    "weightedAverageShsOutDil": 1144000000
  },
  {
    "date": "2020-12-03",
    "symbol": "MU",
    "reportedCurrency": "USD",
    "cik": "0000723125",
    "filingDate": "2021-01-08",
    "acceptedDate": "2021-01-08 12:49:12",
    "fiscalYear": "2021",
    "period": "Q1",
    "revenue": 5773000000,
    "costOfRevenue": 4037000000,
    "grossProfit": 1736000000,
    "researchAndDevelopmentExpenses": 667000000,
    "generalAndAdministrativeExpenses": 0,
    "sellingAndMarketingExpenses": 0,
    "sellingGeneralAndAdministrativeExpenses": 214000000,
    "otherExpenses": -11000000,
    "operatingExpenses": 870000000,
    "costAndExpenses": 4907000000,
    "netInterestIncome": -38000000,
    "interestIncome": 10000000,
    "interestExpense": 48000000,
    "depreciationAndAmortization": 1487000000,
    "ebitda": 2361000000,
    "ebit": 874000000,
    "nonOperatingIncomeExcludingInterest": -8000000,
    "operatingIncome": 866000000,
    "totalOtherIncomeExpensesNet": -12000000,
    "incomeBeforeTax": 854000000,
    "incomeTaxExpense": 51000000,
    "netIncomeFromContinuingOperations": 803000000,
    "netIncomeFromDiscontinuedOperations": 0,
    "otherAdjustmentsToNetIncome": 0,
    "netIncome": 803000000,
    "netIncomeDeductions": 0,
    "bottomLineNetIncome": 803000000,
    "eps": 0.72,
    "epsDiluted": 0.71,
    "weightedAverageShsOut": 1115000000,
    "weightedAverageShsOutDil": 1135000000
  },
  {
    "date": "2020-09-03",
    "symbol": "MU",
    "reportedCurrency": "USD",
    "cik": "0000723125",
    "filingDate": "2020-10-19",
    "acceptedDate": "2020-10-19 14:36:42",
    "fiscalYear": "2020",
    "period": "Q4",
    "revenue": 6056000000,
    "costOfRevenue": 3988000000,
    "grossProfit": 2068000000,
    "researchAndDevelopmentExpenses": 630000000,
    "generalAndAdministrativeExpenses": 0,
    "sellingAndMarketingExpenses": 0,
    "sellingGeneralAndAdministrativeExpenses": 231000000,
    "otherExpenses": 50000000,
    "operatingExpenses": 911000000,
    "costAndExpenses": 4899000000,
    "netInterestIncome": -37000000,
    "interestIncome": 13000000,
    "interestExpense": 50000000,
    "depreciationAndAmortization": 1567000000,
    "ebitda": 2771000000,
    "ebit": 1204000000,
    "nonOperatingIncomeExcludingInterest": -47000000,
    "operatingIncome": 1157000000,
    "totalOtherIncomeExpensesNet": -31000000,
    "incomeBeforeTax": 1126000000,
    "incomeTaxExpense": 136000000,
    "netIncomeFromContinuingOperations": 990000000,
    "netIncomeFromDiscontinuedOperations": 0,
    "otherAdjustmentsToNetIncome": 0,
    "netIncome": 988000000,
    "netIncomeDeductions": 0,
    "bottomLineNetIncome": 988000000,
    "eps": 0.89,
    "epsDiluted": 0.87,
    "weightedAverageShsOut": 1111000000,
    "weightedAverageShsOutDil": 1131000000
  },
  {
    "date": "2020-05-28",
    "symbol": "MU",
    "reportedCurrency": "USD",
    "cik": "0000723125",
    "filingDate": "2020-06-29",
    "acceptedDate": "2020-06-30 12:12:44",
    "fiscalYear": "2020",
    "period": "Q3",
    "revenue": 5438000000,
    "costOfRevenue": 3675000000,
    "grossProfit": 1763000000,
    "researchAndDevelopmentExpenses": 649000000,
    "generalAndAdministrativeExpenses": 0,
    "sellingAndMarketingExpenses": 0,
    "sellingGeneralAndAdministrativeExpenses": 216000000,
    "otherExpenses": 10000000,
    "operatingExpenses": 875000000,
    "costAndExpenses": 4550000000,
    "netInterestIncome": -28000000,
    "interestIncome": 23000000,
    "interestExpense": 51000000,
    "depreciationAndAmortization": 1422000000,
    "ebitda": 2314000000,
    "ebit": 892000000,
    "nonOperatingIncomeExcludingInterest": -4000000,
    "operatingIncome": 888000000,
    "totalOtherIncomeExpensesNet": -15000000,
    "incomeBeforeTax": 873000000,
    "incomeTaxExpense": 68000000,
    "netIncomeFromContinuingOperations": 805000000,
    "netIncomeFromDiscontinuedOperations": 0,
    "otherAdjustmentsToNetIncome": 0,
    "netIncome": 803000000,
    "netIncomeDeductions": 0,
    "bottomLineNetIncome": 803000000,
    "eps": 0.72,
    "epsDiluted": 0.71,
    "weightedAverageShsOut": 1111000000,
    "weightedAverageShsOutDil": 1129000000
  },
  {
    "date": "2020-02-27",
    "symbol": "MU",
    "reportedCurrency": "USD",
    "cik": "0000723125",
    "filingDate": "2020-03-26",
    "acceptedDate": "2020-03-26 13:52:52",
    "fiscalYear": "2020",
    "period": "Q2",
    "revenue": 4797000000,
    "costOfRevenue": 3442000000,
    "grossProfit": 1355000000,
    "researchAndDevelopmentExpenses": 681000000,
    "generalAndAdministrativeExpenses": 0,
    "sellingAndMarketingExpenses": 0,
    "sellingGeneralAndAdministrativeExpenses": 223000000,
    "otherExpenses": 11000000,
    "operatingExpenses": 915000000,
    "costAndExpenses": 4357000000,
    "netInterestIncome": -12000000,
    "interestIncome": 34000000,
    "interestExpense": 46000000,
    "depreciationAndAmortization": 1365000000,
    "ebitda": 1805000000,
    "ebit": 440000000,
    "nonOperatingIncomeExcludingInterest": 0,
    "operatingIncome": 440000000,
    "totalOtherIncomeExpensesNet": -12000000,
    "incomeBeforeTax": 428000000,
    "incomeTaxExpense": 21000000,
    "netIncomeFromContinuingOperations": 407000000,
    "netIncomeFromDiscontinuedOperations": 0,
    "otherAdjustmentsToNetIncome": 0,
    "netIncome": 405000000,
    "netIncomeDeductions": 0,
    "bottomLineNetIncome": 405000000,
    "eps": 0.37,
    "epsDiluted": 0.36,
    "weightedAverageShsOut": 1111000000,
    "weightedAverageShsOutDil": 1133000000
  },
  {
    "date": "2019-11-28",
    "symbol": "MU",
    "reportedCurrency": "USD",
    "cik": "0000723125",
    "filingDate": "2019-12-20",
    "acceptedDate": "2019-12-20 12:21:53",
    "fiscalYear": "2020",
    "period": "Q1",
    "revenue": 5144000000,
    "costOfRevenue": 3778000000,
    "grossProfit": 1366000000,
    "researchAndDevelopmentExpenses": 640000000,
    "generalAndAdministrativeExpenses": 0,
    "sellingAndMarketingExpenses": 0,
    "sellingGeneralAndAdministrativeExpenses": 211000000,
    "otherExpenses": -3000000,
    "operatingExpenses": 848000000,
    "costAndExpenses": 4626000000,
    "netInterestIncome": -3000000,
    "interestIncome": 44000000,
    "interestExpense": 47000000,
    "depreciationAndAmortization": 1296000000,
    "ebitda": 1814000000,
    "ebit": 518000000,
    "nonOperatingIncomeExcludingInterest": 0,
    "operatingIncome": 518000000,
    "totalOtherIncomeExpensesNet": 45000000,
    "incomeBeforeTax": 563000000,
    "incomeTaxExpense": 55000000,
    "netIncomeFromContinuingOperations": 508000000,
    "netIncomeFromDiscontinuedOperations": 0,
    "otherAdjustmentsToNetIncome": 0,
    "netIncome": 491000000,
    "netIncomeDeductions": -4000000,
    "bottomLineNetIncome": 487000000,
    "eps": 0.44,
    "epsDiluted": 0.43,
    "weightedAverageShsOut": 1107000000,
    "weightedAverageShsOutDil": 1129000000
  },
  {
    "date": "2019-08-29",
    "symbol": "MU",
    "reportedCurrency": "USD",
    "cik": "0000723125",
    "filingDate": "2019-10-17",
    "acceptedDate": "2019-10-17 14:44:04",
    "fiscalYear": "2019",
    "period": "Q4",
    "revenue": 4870000000,
    "costOfRevenue": 3475000000,
    "grossProfit": 1395000000,
    "researchAndDevelopmentExpenses": 624000000,
    "generalAndAdministrativeExpenses": 0,
    "sellingAndMarketingExpenses": 0,
    "sellingGeneralAndAdministrativeExpenses": 212000000,
    "otherExpenses": -91000000,
    "operatingExpenses": 745000000,
    "costAndExpenses": 4220000000,
    "netInterestIncome": 18000000,
    "interestIncome": 57000000,
    "interestExpense": 39000000,
    "depreciationAndAmortization": 1416000000,
    "ebitda": 1987000000,
    "ebit": 571000000,
    "nonOperatingIncomeExcludingInterest": 79000000,
    "operatingIncome": 650000000,
    "totalOtherIncomeExpensesNet": 7000000,
    "incomeBeforeTax": 657000000,
    "incomeTaxExpense": 71000000,
    "netIncomeFromContinuingOperations": 586000000,
    "netIncomeFromDiscontinuedOperations": 0,
    "otherAdjustmentsToNetIncome": 0,
    "netIncome": 561000000,
    "netIncomeDeductions": -6000000,
    "bottomLineNetIncome": 555000000,
    "eps": 0.51,
    "epsDiluted": 0.49,
    "weightedAverageShsOut": 1104000000,
    "weightedAverageShsOutDil": 1128000000
  },
  {
    "date": "2019-05-30",
    "symbol": "MU",
    "reportedCurrency": "USD",
    "cik": "0000723125",
    "filingDate": "2019-06-26",
    "acceptedDate": "2019-06-26 16:00:55",
    "fiscalYear": "2019",
    "period": "Q3",
    "revenue": 4788000000,
    "costOfRevenue": 2960000000,
    "grossProfit": 1828000000,
    "researchAndDevelopmentExpenses": 612000000,
    "generalAndAdministrativeExpenses": 0,
    "sellingAndMarketingExpenses": 0,
    "sellingGeneralAndAdministrativeExpenses": 206000000,
    "otherExpenses": 0,
    "operatingExpenses": 818000000,
    "costAndExpenses": 3778000000,
    "netInterestIncome": 23000000,
    "interestIncome": 52000000,
    "interestExpense": 29000000,
    "depreciationAndAmortization": 1360000000,
    "ebitda": 2379000000,
    "ebit": 1019000000,
    "nonOperatingIncomeExcludingInterest": -9000000,
    "operatingIncome": 1010000000,
    "totalOtherIncomeExpensesNet": -294000000,
    "incomeBeforeTax": 716000000,
    "incomeTaxExpense": -135000000,
    "netIncomeFromContinuingOperations": 851000000,
    "netIncomeFromDiscontinuedOperations": 0,
    "otherAdjustmentsToNetIncome": 0,
    "netIncome": 840000000,
    "netIncomeDeductions": -4000000,
    "bottomLineNetIncome": 836000000,
    "eps": 0.76,
    "epsDiluted": 0.74,
    "weightedAverageShsOut": 1105000000,
    "weightedAverageShsOutDil": 1129000000
  },
  {
    "date": "2019-02-28",
    "symbol": "MU",
    "reportedCurrency": "USD",
    "cik": "0000723125",
    "filingDate": "2019-03-21",
    "acceptedDate": "2019-03-21 15:11:06",
    "fiscalYear": "2019",
    "period": "Q2",
    "revenue": 5835000000,
    "costOfRevenue": 2971000000,
    "grossProfit": 2864000000,
    "researchAndDevelopmentExpenses": 624000000,
    "generalAndAdministrativeExpenses": 0,
    "sellingAndMarketingExpenses": 0,
    "sellingGeneralAndAdministrativeExpenses": 209000000,
    "otherExpenses": 74000000,
    "operatingExpenses": 907000000,
    "costAndExpenses": 3878000000,
    "netInterestIncome": 31000000,
    "interestIncome": 58000000,
    "interestExpense": 27000000,
    "depreciationAndAmortization": 1313000000,
    "ebitda": 3321000000,
    "ebit": 2008000000,
    "nonOperatingIncomeExcludingInterest": -51000000,
    "operatingIncome": 1957000000,
    "totalOtherIncomeExpensesNet": -52000000,
    "incomeBeforeTax": 1905000000,
    "incomeTaxExpense": 280000000,
    "netIncomeFromContinuingOperations": 1625000000,
    "netIncomeFromDiscontinuedOperations": 0,
    "otherAdjustmentsToNetIncome": 0,
    "netIncome": 1619000000,
    "netIncomeDeductions": 0,
    "bottomLineNetIncome": 1619000000,
    "eps": 1.45,
    "epsDiluted": 1.42,
    "weightedAverageShsOut": 1114000000,
    "weightedAverageShsOutDil": 1141000000
  },
  {
    "date": "2018-11-29",
    "symbol": "MU",
    "reportedCurrency": "USD",
    "cik": "0000723125",
    "filingDate": "2018-12-19",
    "acceptedDate": "2018-12-19 10:49:25",
    "fiscalYear": "2019",
    "period": "Q1",
    "revenue": 7913000000,
    "costOfRevenue": 3298000000,
    "grossProfit": 4615000000,
    "researchAndDevelopmentExpenses": 641000000,
    "generalAndAdministrativeExpenses": 0,
    "sellingAndMarketingExpenses": 0,
    "sellingGeneralAndAdministrativeExpenses": 209000000,
    "otherExpenses": 6000000,
    "operatingExpenses": 856000000,
    "costAndExpenses": 4154000000,
    "netInterestIncome": 5000000,
    "interestIncome": 38000000,
    "interestExpense": 33000000,
    "depreciationAndAmortization": 1335000000,
    "ebitda": 5127000000,
    "ebit": 3792000000,
    "nonOperatingIncomeExcludingInterest": -33000000,
    "operatingIncome": 3759000000,
    "totalOtherIncomeExpensesNet": 14000000,
    "incomeBeforeTax": 3773000000,
    "incomeTaxExpense": 477000000,
    "netIncomeFromContinuingOperations": 3296000000,
    "netIncomeFromDiscontinuedOperations": 0,
    "otherAdjustmentsToNetIncome": 0,
    "netIncome": 3293000000,
    "netIncomeDeductions": 0,
    "bottomLineNetIncome": 3293000000,
    "eps": 2.91,
    "epsDiluted": 2.81,
    "weightedAverageShsOut": 1133000000,
    "weightedAverageShsOutDil": 1174000000
  },
  {
    "date": "2018-08-30",
    "symbol": "MU",
    "reportedCurrency": "USD",
    "cik": "0000723125",
    "filingDate": "2018-10-15",
    "acceptedDate": "2018-10-15 14:40:51",
    "fiscalYear": "2018",
    "period": "Q4",
    "revenue": 8440000000,
    "costOfRevenue": 3289000000,
    "grossProfit": 5151000000,
    "researchAndDevelopmentExpenses": 601000000,
    "generalAndAdministrativeExpenses": 0,
    "sellingAndMarketingExpenses": 0,
    "sellingGeneralAndAdministrativeExpenses": 215000000,
    "otherExpenses": -42000000,
    "operatingExpenses": 774000000,
    "costAndExpenses": 4063000000,
    "netInterestIncome": -16000000,
    "interestIncome": 34000000,
    "interestExpense": 50000000,
    "depreciationAndAmortization": 1285000000,
    "ebitda": 5573000000,
    "ebit": 4288000000,
    "nonOperatingIncomeExcludingInterest": 89000000,
    "operatingIncome": 4377000000,
    "totalOtherIncomeExpensesNet": -31000000,
    "incomeBeforeTax": 4346000000,
    "incomeTaxExpense": 20000000,
    "netIncomeFromContinuingOperations": 4326000000,
    "netIncomeFromDiscontinuedOperations": 0,
    "otherAdjustmentsToNetIncome": 0,
    "netIncome": 4325000000,
    "netIncomeDeductions": 0,
    "bottomLineNetIncome": 4325000000,
    "eps": 3.73,
    "epsDiluted": 3.56,
    "weightedAverageShsOut": 1159000000,
    "weightedAverageShsOutDil": 1216000000
  },
  {
    "date": "2018-05-31",
    "symbol": "MU",
    "reportedCurrency": "USD",
    "cik": "0000723125",
    "filingDate": "2018-06-22",
    "acceptedDate": "2018-06-22 11:39:04",
    "fiscalYear": "2018",
    "period": "Q3",
    "revenue": 7797000000,
    "costOfRevenue": 3074000000,
    "grossProfit": 4723000000,
    "researchAndDevelopmentExpenses": 656000000,
    "generalAndAdministrativeExpenses": 0,
    "sellingAndMarketingExpenses": 0,
    "sellingGeneralAndAdministrativeExpenses": 211000000,
    "otherExpenses": -97000000,
    "operatingExpenses": 770000000,
    "costAndExpenses": 3844000000,
    "netInterestIncome": -44000000,
    "interestIncome": 36000000,
    "interestExpense": 80000000,
    "depreciationAndAmortization": 1233000000,
    "ebitda": 5194000000,
    "ebit": 3961000000,
    "nonOperatingIncomeExcludingInterest": -8000000,
    "operatingIncome": 3953000000,
    "totalOtherIncomeExpensesNet": -239000000,
    "incomeBeforeTax": 3714000000,
    "incomeTaxExpense": -109000000,
    "netIncomeFromContinuingOperations": 3823000000,
    "netIncomeFromDiscontinuedOperations": 0,
    "otherAdjustmentsToNetIncome": 0,
    "netIncome": 3823000000,
    "netIncomeDeductions": 0,
    "bottomLineNetIncome": 3823000000,
    "eps": 3.3,
    "epsDiluted": 3.1,
    "weightedAverageShsOut": 1159000000,
    "weightedAverageShsOutDil": 1235000000
  },
  {
    "date": "2018-03-01",
    "symbol": "MU",
    "reportedCurrency": "USD",
    "cik": "0000723125",
    "filingDate": "2018-03-23",
    "acceptedDate": "2018-03-23 14:52:31",
    "fiscalYear": "2018",
    "period": "Q2",
    "revenue": 7351000000,
    "costOfRevenue": 3081000000,
    "grossProfit": 4270000000,
    "researchAndDevelopmentExpenses": 581000000,
    "generalAndAdministrativeExpenses": 0,
    "sellingAndMarketingExpenses": 0,
    "sellingGeneralAndAdministrativeExpenses": 196000000,
    "otherExpenses": -74000000,
    "operatingExpenses": 703000000,
    "costAndExpenses": 3784000000,
    "netInterestIncome": -61000000,
    "interestIncome": 27000000,
    "interestExpense": 88000000,
    "depreciationAndAmortization": 1151000000,
    "ebitda": 4725000000,
    "ebit": 3574000000,
    "nonOperatingIncomeExcludingInterest": -7000000,
    "operatingIncome": 3567000000,
    "totalOtherIncomeExpensesNet": -113000000,
    "incomeBeforeTax": 3454000000,
    "incomeTaxExpense": 143000000,
    "netIncomeFromContinuingOperations": 3311000000,
    "netIncomeFromDiscontinuedOperations": 0,
    "otherAdjustmentsToNetIncome": 0,
    "netIncome": 3309000000,
    "netIncomeDeductions": 0,
    "bottomLineNetIncome": 3309000000,
    "eps": 2.86,
    "epsDiluted": 2.67,
    "weightedAverageShsOut": 1156000000,
    "weightedAverageShsOutDil": 1238000000
  },
  {
    "date": "2017-11-30",
    "symbol": "MU",
    "reportedCurrency": "USD",
    "cik": "0000723125",
    "filingDate": "2017-12-20",
    "acceptedDate": "2017-12-20 14:56:35",
    "fiscalYear": "2018",
    "period": "Q1",
    "revenue": 6803000000,
    "costOfRevenue": 3056000000,
    "grossProfit": 3747000000,
    "researchAndDevelopmentExpenses": 504000000,
    "generalAndAdministrativeExpenses": 0,
    "sellingAndMarketingExpenses": 0,
    "sellingGeneralAndAdministrativeExpenses": 191000000,
    "otherExpenses": -45000000,
    "operatingExpenses": 650000000,
    "costAndExpenses": 3706000000,
    "netInterestIncome": -101000000,
    "interestIncome": 23000000,
    "interestExpense": 124000000,
    "depreciationAndAmortization": 1090000000,
    "ebitda": 4193000000,
    "ebit": 3103000000,
    "nonOperatingIncomeExcludingInterest": -6000000,
    "operatingIncome": 3097000000,
    "totalOtherIncomeExpensesNet": -305000000,
    "incomeBeforeTax": 2792000000,
    "incomeTaxExpense": 114000000,
    "netIncomeFromContinuingOperations": 2678000000,
    "netIncomeFromDiscontinuedOperations": 0,
    "otherAdjustmentsToNetIncome": 0,
    "netIncome": 2678000000,
    "netIncomeDeductions": 0,
    "bottomLineNetIncome": 2678000000,
    "eps": 2.36,
    "epsDiluted": 2.19,
    "weightedAverageShsOut": 1134000000,
    "weightedAverageShsOutDil": 1225000000
  },
  {
    "date": "2017-08-31",
    "symbol": "MU",
    "reportedCurrency": "USD",
    "cik": "0000723125",
    "filingDate": "2017-10-26",
    "acceptedDate": "2017-10-26 12:51:41",
    "fiscalYear": "2017",
    "period": "Q4",
    "revenue": 6138000000,
    "costOfRevenue": 3026000000,
    "grossProfit": 3112000000,
    "researchAndDevelopmentExpenses": 498000000,
    "generalAndAdministrativeExpenses": 0,
    "sellingAndMarketingExpenses": 0,
    "sellingGeneralAndAdministrativeExpenses": 180000000,
    "otherExpenses": -68000000,
    "operatingExpenses": 610000000,
    "costAndExpenses": 3636000000,
    "netInterestIncome": -132000000,
    "interestIncome": 16000000,
    "interestExpense": 148000000,
    "depreciationAndAmortization": 1066000000,
    "ebitda": 3577000000,
    "ebit": 2511000000,
    "nonOperatingIncomeExcludingInterest": -9000000,
    "operatingIncome": 2502000000,
    "totalOtherIncomeExpensesNet": -180000000,
    "incomeBeforeTax": 2322000000,
    "incomeTaxExpense": -47000000,
    "netIncomeFromContinuingOperations": 2369000000,
    "netIncomeFromDiscontinuedOperations": 0,
    "otherAdjustmentsToNetIncome": 0,
    "netIncome": 2368000000,
    "netIncomeDeductions": 0,
    "bottomLineNetIncome": 2368000000,
    "eps": 2.13,
    "epsDiluted": 1.99,
    "weightedAverageShsOut": 1109000000,
    "weightedAverageShsOutDil": 1187000000
  },
  {
    "date": "2017-06-01",
    "symbol": "MU",
    "reportedCurrency": "USD",
    "cik": "0000723125",
    "filingDate": "2017-06-30",
    "acceptedDate": "2017-06-30 11:51:53",
    "fiscalYear": "2017",
    "period": "Q3",
    "revenue": 5566000000,
    "costOfRevenue": 2957000000,
    "grossProfit": 2609000000,
    "researchAndDevelopmentExpenses": 481000000,
    "generalAndAdministrativeExpenses": 0,
    "sellingAndMarketingExpenses": 0,
    "sellingGeneralAndAdministrativeExpenses": 204000000,
    "otherExpenses": -39000000,
    "operatingExpenses": 646000000,
    "costAndExpenses": 3603000000,
    "netInterestIncome": -143000000,
    "interestIncome": 10000000,
    "interestExpense": 153000000,
    "depreciationAndAmortization": 1021000000,
    "ebitda": 2984000000,
    "ebit": 1963000000,
    "nonOperatingIncomeExcludingInterest": 0,
    "operatingIncome": 1963000000,
    "totalOtherIncomeExpensesNet": -224000000,
    "incomeBeforeTax": 1739000000,
    "incomeTaxExpense": 92000000,
    "netIncomeFromContinuingOperations": 1647000000,
    "netIncomeFromDiscontinuedOperations": 0,
    "otherAdjustmentsToNetIncome": 0,
    "netIncome": 1647000000,
    "netIncomeDeductions": 0,
    "bottomLineNetIncome": 1647000000,
    "eps": 1.49,
    "epsDiluted": 1.4,
    "weightedAverageShsOut": 1106000000,
    "weightedAverageShsOutDil": 1177000000
  },
  {
    "date": "2017-03-02",
    "symbol": "MU",
    "reportedCurrency": "USD",
    "cik": "0000723125",
    "filingDate": "2017-03-28",
    "acceptedDate": "2017-03-28 12:12:39",
    "fiscalYear": "2017",
    "period": "Q2",
    "revenue": 4648000000,
    "costOfRevenue": 2944000000,
    "grossProfit": 1704000000,
    "researchAndDevelopmentExpenses": 532000000,
    "generalAndAdministrativeExpenses": 0,
    "sellingAndMarketingExpenses": 0,
    "sellingGeneralAndAdministrativeExpenses": 187000000,
    "otherExpenses": -59000000,
    "operatingExpenses": 660000000,
    "costAndExpenses": 3604000000,
    "netInterestIncome": -153000000,
    "interestIncome": 8000000,
    "interestExpense": 161000000,
    "depreciationAndAmortization": 1003000000,
    "ebitda": 2047000000,
    "ebit": 1044000000,
    "nonOperatingIncomeExcludingInterest": 0,
    "operatingIncome": 1044000000,
    "totalOtherIncomeExpensesNet": -112000000,
    "incomeBeforeTax": 932000000,
    "incomeTaxExpense": 38000000,
    "netIncomeFromContinuingOperations": 894000000,
    "netIncomeFromDiscontinuedOperations": 0,
    "otherAdjustmentsToNetIncome": 0,
    "netIncome": 894000000,
    "netIncomeDeductions": 0,
    "bottomLineNetIncome": 894000000,
    "eps": 0.81,
    "epsDiluted": 0.77,
    "weightedAverageShsOut": 1099000000,
    "weightedAverageShsOutDil": 1160000000
  },
  {
    "date": "2016-12-01",
    "symbol": "MU",
    "reportedCurrency": "USD",
    "cik": "0000723125",
    "filingDate": "2017-01-09",
    "acceptedDate": "2017-01-09 12:12:32",
    "fiscalYear": "2017",
    "period": "Q1",
    "revenue": 3970000000,
    "costOfRevenue": 2959000000,
    "grossProfit": 1011000000,
    "researchAndDevelopmentExpenses": 526000000,
    "generalAndAdministrativeExpenses": 0,
    "sellingAndMarketingExpenses": 0,
    "sellingGeneralAndAdministrativeExpenses": 159000000,
    "otherExpenses": -33000000,
    "operatingExpenses": 652000000,
    "costAndExpenses": 3611000000,
    "netInterestIncome": -132000000,
    "interestIncome": 7000000,
    "interestExpense": 139000000,
    "depreciationAndAmortization": 771000000,
    "ebitda": 1130000000,
    "ebit": 359000000,
    "nonOperatingIncomeExcludingInterest": 0,
    "operatingIncome": 359000000,
    "totalOtherIncomeExpensesNet": -148000000,
    "incomeBeforeTax": 211000000,
    "incomeTaxExpense": 31000000,
    "netIncomeFromContinuingOperations": 180000000,
    "netIncomeFromDiscontinuedOperations": 0,
    "otherAdjustmentsToNetIncome": 0,
    "netIncome": 180000000,
    "netIncomeDeductions": 0,
    "bottomLineNetIncome": 180000000,
    "eps": 0.17,
    "epsDiluted": 0.16,
    "weightedAverageShsOut": 1040000000,
    "weightedAverageShsOutDil": 1091000000
  },
  {
    "date": "2016-09-01",
    "symbol": "MU",
    "reportedCurrency": "USD",
    "cik": "0000723125",
    "filingDate": "2016-10-28",
    "acceptedDate": "2016-10-28 13:49:01",
    "fiscalYear": "2016",
    "period": "Q4",
    "revenue": 3217000000,
    "costOfRevenue": 2638000000,
    "grossProfit": 579000000,
    "researchAndDevelopmentExpenses": 373000000,
    "generalAndAdministrativeExpenses": 0,
    "sellingAndMarketingExpenses": 0,
    "sellingGeneralAndAdministrativeExpenses": 154000000,
    "otherExpenses": 84000000,
    "operatingExpenses": 611000000,
    "costAndExpenses": 3249000000,
    "netInterestIncome": -126000000,
    "interestIncome": 9000000,
    "interestExpense": 135000000,
    "depreciationAndAmortization": 714000000,
    "ebitda": 732000000,
    "ebit": 18000000,
    "nonOperatingIncomeExcludingInterest": -50000000,
    "operatingIncome": -32000000,
    "totalOtherIncomeExpensesNet": -135000000,
    "incomeBeforeTax": -167000000,
    "incomeTaxExpense": 3000000,
    "netIncomeFromContinuingOperations": -170000000,
    "netIncomeFromDiscontinuedOperations": 0,
    "otherAdjustmentsToNetIncome": 0,
    "netIncome": -170000000,
    "netIncomeDeductions": 0,
    "bottomLineNetIncome": -170000000,
    "eps": -0.17,
    "epsDiluted": -0.16,
    "weightedAverageShsOut": 1000400160,
    "weightedAverageShsOutDil": 1037000000
  },
  {
    "date": "2016-06-02",
    "symbol": "MU",
    "reportedCurrency": "USD",
    "cik": "0000723125",
    "filingDate": "2016-07-06",
    "acceptedDate": "2016-07-06 14:02:03",
    "fiscalYear": "2016",
    "period": "Q3",
    "revenue": 2898000000,
    "costOfRevenue": 2400000000,
    "grossProfit": 498000000,
    "researchAndDevelopmentExpenses": 467000000,
    "generalAndAdministrativeExpenses": 0,
    "sellingAndMarketingExpenses": 0,
    "sellingGeneralAndAdministrativeExpenses": 148000000,
    "otherExpenses": -90000000,
    "operatingExpenses": 525000000,
    "costAndExpenses": 2925000000,
    "netInterestIncome": -99000000,
    "interestIncome": 10000000,
    "interestExpense": 109000000,
    "depreciationAndAmortization": 755000000,
    "ebitda": 728000000,
    "ebit": -27000000,
    "nonOperatingIncomeExcludingInterest": 0,
    "operatingIncome": -27000000,
    "totalOtherIncomeExpensesNet": -173000000,
    "incomeBeforeTax": -200000000,
    "incomeTaxExpense": 15000000,
    "netIncomeFromContinuingOperations": -215000000,
    "netIncomeFromDiscontinuedOperations": 0,
    "otherAdjustmentsToNetIncome": 0,
    "netIncome": -215000000,
    "netIncomeDeductions": 0,
    "bottomLineNetIncome": -215000000,
    "eps": -0.21,
    "epsDiluted": -0.21,
    "weightedAverageShsOut": 1023809523,
    "weightedAverageShsOutDil": 1036000000
  },
  {
    "date": "2016-03-03",
    "symbol": "MU",
    "reportedCurrency": "USD",
    "cik": "0000723125",
    "filingDate": "2016-04-08",
    "acceptedDate": "2016-04-08 14:28:32",
    "fiscalYear": "2016",
    "period": "Q2",
    "revenue": 2934000000,
    "costOfRevenue": 2355000000,
    "grossProfit": 579000000,
    "researchAndDevelopmentExpenses": 485000000,
    "generalAndAdministrativeExpenses": 0,
    "sellingAndMarketingExpenses": 0,
    "sellingGeneralAndAdministrativeExpenses": 175000000,
    "otherExpenses": -76000000,
    "operatingExpenses": 584000000,
    "costAndExpenses": 2939000000,
    "netInterestIncome": -85000000,
    "interestIncome": 12000000,
    "interestExpense": 97000000,
    "depreciationAndAmortization": 774000000,
    "ebitda": 770000000,
    "ebit": -4000000,
    "nonOperatingIncomeExcludingInterest": -1000000,
    "operatingIncome": -5000000,
    "totalOtherIncomeExpensesNet": -86000000,
    "incomeBeforeTax": -91000000,
    "incomeTaxExpense": 5000000,
    "netIncomeFromContinuingOperations": -96000000,
    "netIncomeFromDiscontinuedOperations": 0,
    "otherAdjustmentsToNetIncome": 0,
    "netIncome": -97000000,
    "netIncomeDeductions": 0,
    "bottomLineNetIncome": -97000000,
    "eps": -0.0936,
    "epsDiluted": -0.0936,
    "weightedAverageShsOut": 1036000000,
    "weightedAverageShsOutDil": 1036000000
  },
  {
    "date": "2015-12-03",
    "symbol": "MU",
    "reportedCurrency": "USD",
    "cik": "0000723125",
    "filingDate": "2016-01-08",
    "acceptedDate": "2016-01-08 13:54:55",
    "fiscalYear": "2016",
    "period": "Q1",
    "revenue": 3350000000,
    "costOfRevenue": 2501000000,
    "grossProfit": 849000000,
    "researchAndDevelopmentExpenses": 500000000,
    "generalAndAdministrativeExpenses": 0,
    "sellingAndMarketingExpenses": 0,
    "sellingGeneralAndAdministrativeExpenses": 179000000,
    "otherExpenses": -62000000,
    "operatingExpenses": 617000000,
    "costAndExpenses": 3118000000,
    "netInterestIncome": -85000000,
    "interestIncome": 11000000,
    "interestExpense": 96000000,
    "depreciationAndAmortization": 737000000,
    "ebitda": 984000000,
    "ebit": 247000000,
    "nonOperatingIncomeExcludingInterest": -15000000,
    "operatingIncome": 232000000,
    "totalOtherIncomeExpensesNet": -30000000,
    "incomeBeforeTax": 202000000,
    "incomeTaxExpense": -4000000,
    "netIncomeFromContinuingOperations": 206000000,
    "netIncomeFromDiscontinuedOperations": 0,
    "otherAdjustmentsToNetIncome": 0,
    "netIncome": 206000000,
    "netIncomeDeductions": 0,
    "bottomLineNetIncome": 206000000,
    "eps": 0.2,
    "epsDiluted": 0.19,
    "weightedAverageShsOut": 1035000000,
    "weightedAverageShsOutDil": 1085000000
  },
  {
    "date": "2015-09-03",
    "symbol": "MU",
    "reportedCurrency": "USD",
    "cik": "0000723125",
    "filingDate": "2015-10-27",
    "acceptedDate": "2015-10-27 15:37:39",
    "fiscalYear": "2015",
    "period": "Q4",
    "revenue": 3600000000,
    "costOfRevenue": 2630000000,
    "grossProfit": 970000000,
    "researchAndDevelopmentExpenses": 452000000,
    "generalAndAdministrativeExpenses": 0,
    "sellingAndMarketingExpenses": 0,
    "sellingGeneralAndAdministrativeExpenses": 171000000,
    "otherExpenses": -80000000,
    "operatingExpenses": 543000000,
    "costAndExpenses": 3173000000,
    "netInterestIncome": -90000000,
    "interestIncome": 11000000,
    "interestExpense": 101000000,
    "depreciationAndAmortization": 710000000,
    "ebitda": 1134000000,
    "ebit": 424000000,
    "nonOperatingIncomeExcludingInterest": 3000000,
    "operatingIncome": 427000000,
    "totalOtherIncomeExpensesNet": -25000000,
    "incomeBeforeTax": 402000000,
    "incomeTaxExpense": -69000000,
    "netIncomeFromContinuingOperations": 471000000,
    "netIncomeFromDiscontinuedOperations": 0,
    "otherAdjustmentsToNetIncome": 0,
    "netIncome": 471000000,
    "netIncomeDeductions": 0,
    "bottomLineNetIncome": 471000000,
    "eps": 0.44,
    "epsDiluted": 0.42,
    "weightedAverageShsOut": 1060000000,
    "weightedAverageShsOutDil": 1124000000
  },
  {
    "date": "2015-06-04",
    "symbol": "MU",
    "reportedCurrency": "USD",
    "cik": "0000723125",
    "filingDate": "2015-07-10",
    "acceptedDate": "2015-07-10 15:08:19",
    "fiscalYear": "2015",
    "period": "Q3",
    "revenue": 3853000000,
    "costOfRevenue": 2651000000,
    "grossProfit": 1202000000,
    "researchAndDevelopmentExpenses": 468000000,
    "generalAndAdministrativeExpenses": 0,
    "sellingAndMarketingExpenses": 0,
    "sellingGeneralAndAdministrativeExpenses": 169000000,
    "otherExpenses": -66000000,
    "operatingExpenses": 571000000,
    "costAndExpenses": 3222000000,
    "netInterestIncome": -88000000,
    "interestIncome": 9000000,
    "interestExpense": 97000000,
    "depreciationAndAmortization": 673000000,
    "ebitda": 1301000000,
    "ebit": 628000000,
    "nonOperatingIncomeExcludingInterest": 3000000,
    "operatingIncome": 631000000,
    "totalOtherIncomeExpensesNet": -36000000,
    "incomeBeforeTax": 595000000,
    "incomeTaxExpense": 104000000,
    "netIncomeFromContinuingOperations": 491000000,
    "netIncomeFromDiscontinuedOperations": 0,
    "otherAdjustmentsToNetIncome": 0,
    "netIncome": 491000000,
    "netIncomeDeductions": -1000000,
    "bottomLineNetIncome": 490000000,
    "eps": 0.46,
    "epsDiluted": 0.42,
    "weightedAverageShsOut": 1073000000,
    "weightedAverageShsOutDil": 1170000000
  },
  {
    "date": "2015-03-05",
    "symbol": "MU",
    "reportedCurrency": "USD",
    "cik": "0000723125",
    "filingDate": "2015-04-10",
    "acceptedDate": "2015-04-10 14:11:37",
    "fiscalYear": "2015",
    "period": "Q2",
    "revenue": 4166000000,
    "costOfRevenue": 2761000000,
    "grossProfit": 1405000000,
    "researchAndDevelopmentExpenses": 455000000,
    "generalAndAdministrativeExpenses": 0,
    "sellingAndMarketingExpenses": 0,
    "sellingGeneralAndAdministrativeExpenses": 187000000,
    "otherExpenses": -92000000,
    "operatingExpenses": 550000000,
    "costAndExpenses": 3311000000,
    "netInterestIncome": -75000000,
    "interestIncome": 8000000,
    "interestExpense": 83000000,
    "depreciationAndAmortization": 641000000,
    "ebitda": 1493000000,
    "ebit": 852000000,
    "nonOperatingIncomeExcludingInterest": 3000000,
    "operatingIncome": 855000000,
    "totalOtherIncomeExpensesNet": 127000000,
    "incomeBeforeTax": 982000000,
    "incomeTaxExpense": 47000000,
    "netIncomeFromContinuingOperations": 935000000,
    "netIncomeFromDiscontinuedOperations": 0,
    "otherAdjustmentsToNetIncome": 0,
    "netIncome": 934000000,
    "netIncomeDeductions": -2000000,
    "bottomLineNetIncome": 932000000,
    "eps": 0.87,
    "epsDiluted": 0.78,
    "weightedAverageShsOut": 1074000000,
    "weightedAverageShsOutDil": 1190000000
  },
  {
    "date": "2014-12-04",
    "symbol": "MU",
    "reportedCurrency": "USD",
    "cik": "0000723125",
    "filingDate": "2015-01-09",
    "acceptedDate": "2015-01-09 13:01:10",
    "fiscalYear": "2015",
    "period": "Q1",
    "revenue": 4573000000,
    "costOfRevenue": 2935000000,
    "grossProfit": 1638000000,
    "researchAndDevelopmentExpenses": 462000000,
    "generalAndAdministrativeExpenses": 0,
    "sellingAndMarketingExpenses": 0,
    "sellingGeneralAndAdministrativeExpenses": 193000000,
    "otherExpenses": -102000000,
    "operatingExpenses": 553000000,
    "costAndExpenses": 3488000000,
    "netInterestIncome": -83000000,
    "interestIncome": 7000000,
    "interestExpense": 90000000,
    "depreciationAndAmortization": 643000000,
    "ebitda": 1723000000,
    "ebit": 1080000000,
    "nonOperatingIncomeExcludingInterest": 5000000,
    "operatingIncome": 1085000000,
    "totalOtherIncomeExpensesNet": -8000000,
    "incomeBeforeTax": 1077000000,
    "incomeTaxExpense": 75000000,
    "netIncomeFromContinuingOperations": 1002000000,
    "netIncomeFromDiscontinuedOperations": 0,
    "otherAdjustmentsToNetIncome": 0,
    "netIncome": 1003000000,
    "netIncomeDeductions": -1000000,
    "bottomLineNetIncome": 1002000000,
    "eps": 0.94,
    "epsDiluted": 0.84,
    "weightedAverageShsOut": 1070000000,
    "weightedAverageShsOutDil": 1195000000
  },
  {
    "date": "2014-08-28",
    "symbol": "MU",
    "reportedCurrency": "USD",
    "cik": "0000723125",
    "filingDate": "2014-10-27",
    "acceptedDate": "2014-10-27 16:21:54",
    "fiscalYear": "2014",
    "period": "Q4",
    "revenue": 4227000000,
    "costOfRevenue": 2842000000,
    "grossProfit": 1385000000,
    "researchAndDevelopmentExpenses": 420000000,
    "generalAndAdministrativeExpenses": 0,
    "sellingAndMarketingExpenses": 0,
    "sellingGeneralAndAdministrativeExpenses": 180000000,
    "otherExpenses": 110000000,
    "operatingExpenses": 710000000,
    "costAndExpenses": 3399000000,
    "netInterestIncome": -81000000,
    "interestIncome": 7000000,
    "interestExpense": 88000000,
    "depreciationAndAmortization": 553000000,
    "ebitda": 1573000000,
    "ebit": 1020000000,
    "nonOperatingIncomeExcludingInterest": -192000000,
    "operatingIncome": 828000000,
    "totalOtherIncomeExpensesNet": 236000000,
    "incomeBeforeTax": 1064000000,
    "incomeTaxExpense": -87000000,
    "netIncomeFromContinuingOperations": 1151000000,
    "netIncomeFromDiscontinuedOperations": 0,
    "otherAdjustmentsToNetIncome": 0,
    "netIncome": 1150000000,
    "netIncomeDeductions": -1000000,
    "bottomLineNetIncome": 1149000000,
    "eps": 1.08,
    "epsDiluted": 0.96,
    "weightedAverageShsOut": 1068000000,
    "weightedAverageShsOutDil": 1203000000
  },
  {
    "date": "2014-05-29",
    "symbol": "MU",
    "reportedCurrency": "USD",
    "cik": "0000723125",
    "filingDate": "2014-07-03",
    "acceptedDate": "2014-07-03 13:38:01",
    "fiscalYear": "2014",
    "period": "Q3",
    "revenue": 3982000000,
    "costOfRevenue": 2614000000,
    "grossProfit": 1368000000,
    "researchAndDevelopmentExpenses": 385000000,
    "generalAndAdministrativeExpenses": 0,
    "sellingAndMarketingExpenses": 0,
    "sellingGeneralAndAdministrativeExpenses": 175000000,
    "otherExpenses": -31000000,
    "operatingExpenses": 529000000,
    "costAndExpenses": 3143000000,
    "netInterestIncome": -75000000,
    "interestIncome": 5000000,
    "interestExpense": 80000000,
    "depreciationAndAmortization": 542000000,
    "ebitda": 1383000000,
    "ebit": 841000000,
    "nonOperatingIncomeExcludingInterest": -2000000,
    "operatingIncome": 839000000,
    "totalOtherIncomeExpensesNet": 39000000,
    "incomeBeforeTax": 878000000,
    "incomeTaxExpense": 72000000,
    "netIncomeFromContinuingOperations": 806000000,
    "netIncomeFromDiscontinuedOperations": 0,
    "otherAdjustmentsToNetIncome": 0,
    "netIncome": 806000000,
    "netIncomeDeductions": -1000000,
    "bottomLineNetIncome": 805000000,
    "eps": 0.76,
    "epsDiluted": 0.68,
    "weightedAverageShsOut": 1067000000,
    "weightedAverageShsOutDil": 1190000000
  },
  {
    "date": "2014-02-27",
    "symbol": "MU",
    "reportedCurrency": "USD",
    "cik": "0000723125",
    "filingDate": "2014-04-07",
    "acceptedDate": "2014-04-07 16:04:13",
    "fiscalYear": "2014",
    "period": "Q2",
    "revenue": 4107000000,
    "costOfRevenue": 2704000000,
    "grossProfit": 1403000000,
    "researchAndDevelopmentExpenses": 379000000,
    "generalAndAdministrativeExpenses": 0,
    "sellingAndMarketingExpenses": 0,
    "sellingGeneralAndAdministrativeExpenses": 177000000,
    "otherExpenses": 0,
    "operatingExpenses": 522000000,
    "costAndExpenses": 3226000000,
    "netInterestIncome": -77000000,
    "interestIncome": 6000000,
    "interestExpense": 83000000,
    "depreciationAndAmortization": 517000000,
    "ebitda": 1387000000,
    "ebit": 870000000,
    "nonOperatingIncomeExcludingInterest": 0,
    "operatingIncome": 870000000,
    "totalOtherIncomeExpensesNet": -66000000,
    "incomeBeforeTax": 804000000,
    "incomeTaxExpense": 63000000,
    "netIncomeFromContinuingOperations": 0,
    "netIncomeFromDiscontinuedOperations": 0,
    "otherAdjustmentsToNetIncome": 0,
    "netIncome": 731000000,
    "netIncomeDeductions": 0,
    "bottomLineNetIncome": 731000000,
    "eps": 0.69,
    "epsDiluted": 0.61,
    "weightedAverageShsOut": 1060000000,
    "weightedAverageShsOutDil": 1201000000
  },
  {
    "date": "2013-11-28",
    "symbol": "MU",
    "reportedCurrency": "USD",
    "cik": "0000723125",
    "filingDate": "2014-01-07",
    "acceptedDate": "2014-01-07 16:13:09",
    "fiscalYear": "2014",
    "period": "Q1",
    "revenue": 4042000000,
    "costOfRevenue": 2761000000,
    "grossProfit": 1281000000,
    "researchAndDevelopmentExpenses": 349000000,
    "generalAndAdministrativeExpenses": 0,
    "sellingAndMarketingExpenses": 0,
    "sellingGeneralAndAdministrativeExpenses": 176000000,
    "otherExpenses": 0,
    "operatingExpenses": 724000000,
    "costAndExpenses": 3485000000,
    "netInterestIncome": -96000000,
    "interestIncome": 5000000,
    "interestExpense": 101000000,
    "depreciationAndAmortization": 491000000,
    "ebitda": 1283000000,
    "ebit": 792000000,
    "nonOperatingIncomeExcludingInterest": 0,
    "operatingIncome": 792000000,
    "totalOtherIncomeExpensesNet": -331000000,
    "incomeBeforeTax": 461000000,
    "incomeTaxExpense": 80000000,
    "netIncomeFromContinuingOperations": 0,
    "netIncomeFromDiscontinuedOperations": 0,
    "otherAdjustmentsToNetIncome": 0,
    "netIncome": 358000000,
    "netIncomeDeductions": 0,
    "bottomLineNetIncome": 358000000,
    "eps": 0.34,
    "epsDiluted": 0.3,
    "weightedAverageShsOut": 1046000000,
    "weightedAverageShsOutDil": 1196000000
  },
  {
    "date": "2013-08-29",
    "symbol": "MU",
    "reportedCurrency": "USD",
    "cik": "0000723125",
    "filingDate": "2013-10-28",
    "acceptedDate": "2013-10-28 16:39:35",
    "fiscalYear": "2013",
    "period": "Q4",
    "revenue": 2843000000,
    "costOfRevenue": 2135000000,
    "grossProfit": 708000000,
    "researchAndDevelopmentExpenses": 314000000,
    "generalAndAdministrativeExpenses": 0,
    "sellingAndMarketingExpenses": 0,
    "sellingGeneralAndAdministrativeExpenses": 144000000,
    "otherExpenses": 0,
    "operatingExpenses": 1024000000,
    "costAndExpenses": 3118000000,
    "netInterestIncome": -58000000,
    "interestIncome": 6000000,
    "interestExpense": 64000000,
    "depreciationAndAmortization": 450000000,
    "ebitda": 777000000,
    "ebit": 327000000,
    "nonOperatingIncomeExcludingInterest": 0,
    "operatingIncome": 327000000,
    "totalOtherIncomeExpensesNet": 1388000000,
    "incomeBeforeTax": 1715000000,
    "incomeTaxExpense": 5000000,
    "netIncomeFromContinuingOperations": 0,
    "netIncomeFromDiscontinuedOperations": 0,
    "otherAdjustmentsToNetIncome": 0,
    "netIncome": 1708000000,
    "netIncomeDeductions": 0,
    "bottomLineNetIncome": 1708000000,
    "eps": 1.65,
    "epsDiluted": 1.51,
    "weightedAverageShsOut": 1033200000,
    "weightedAverageShsOutDil": 1129400000
  },
  {
    "date": "2013-05-30",
    "symbol": "MU",
    "reportedCurrency": "USD",
    "cik": "0000723125",
    "filingDate": "2013-07-08",
    "acceptedDate": "2013-07-08 16:38:44",
    "fiscalYear": "2013",
    "period": "Q3",
    "revenue": 2318000000,
    "costOfRevenue": 1762000000,
    "grossProfit": 556000000,
    "researchAndDevelopmentExpenses": 259000000,
    "generalAndAdministrativeExpenses": 0,
    "sellingAndMarketingExpenses": 0,
    "sellingGeneralAndAdministrativeExpenses": 127000000,
    "otherExpenses": 0,
    "operatingExpenses": 462000000,
    "costAndExpenses": 2224000000,
    "netInterestIncome": -52000000,
    "interestIncome": 2000000,
    "interestExpense": 54000000,
    "depreciationAndAmortization": 442000000,
    "ebitda": 646000000,
    "ebit": 204000000,
    "nonOperatingIncomeExcludingInterest": 0,
    "operatingIncome": 204000000,
    "totalOtherIncomeExpensesNet": -162000000,
    "incomeBeforeTax": 42000000,
    "incomeTaxExpense": -1000000,
    "netIncomeFromContinuingOperations": 0,
    "netIncomeFromDiscontinuedOperations": 0,
    "otherAdjustmentsToNetIncome": 0,
    "netIncome": 43000000,
    "netIncomeDeductions": 0,
    "bottomLineNetIncome": 43000000,
    "eps": 0.04,
    "epsDiluted": 0.04,
    "weightedAverageShsOut": 1024000000,
    "weightedAverageShsOutDil": 1046600000
  },
  {
    "date": "2013-02-28",
    "symbol": "MU",
    "reportedCurrency": "USD",
    "cik": "0000723125",
    "filingDate": "2013-04-08",
    "acceptedDate": "2013-04-08 16:34:38",
    "fiscalYear": "2013",
    "period": "Q2",
    "revenue": 2078000000,
    "costOfRevenue": 1712000000,
    "grossProfit": 366000000,
    "researchAndDevelopmentExpenses": 248000000,
    "generalAndAdministrativeExpenses": 0,
    "sellingAndMarketingExpenses": 0,
    "sellingGeneralAndAdministrativeExpenses": 123000000,
    "otherExpenses": 0,
    "operatingExpenses": 606000000,
    "costAndExpenses": 2318000000,
    "netInterestIncome": -53000000,
    "interestIncome": 3000000,
    "interestExpense": 56000000,
    "depreciationAndAmortization": 455000000,
    "ebitda": 482000000,
    "ebit": 27000000,
    "nonOperatingIncomeExcludingInterest": 0,
    "operatingIncome": 27000000,
    "totalOtherIncomeExpensesNet": -320000000,
    "incomeBeforeTax": -293000000,
    "incomeTaxExpense": -9000000,
    "netIncomeFromContinuingOperations": 0,
    "netIncomeFromDiscontinuedOperations": 0,
    "otherAdjustmentsToNetIncome": 0,
    "netIncome": -286000000,
    "netIncomeDeductions": 0,
    "bottomLineNetIncome": -286000000,
    "eps": -0.28,
    "epsDiluted": -0.28,
    "weightedAverageShsOut": 1016000000,
    "weightedAverageShsOutDil": 1016000000
  },
  {
    "date": "2012-11-29",
    "symbol": "MU",
    "reportedCurrency": "USD",
    "cik": "0000723125",
    "filingDate": "2013-01-07",
    "acceptedDate": "2013-01-07 17:06:33",
    "fiscalYear": "2013",
    "period": "Q1",
    "revenue": 1834000000,
    "costOfRevenue": 1617000000,
    "grossProfit": 217000000,
    "researchAndDevelopmentExpenses": 224000000,
    "generalAndAdministrativeExpenses": 0,
    "sellingAndMarketingExpenses": 0,
    "sellingGeneralAndAdministrativeExpenses": 119000000,
    "otherExpenses": 0,
    "operatingExpenses": 425000000,
    "costAndExpenses": 2042000000,
    "netInterestIncome": -54000000,
    "interestIncome": 0,
    "interestExpense": 54000000,
    "depreciationAndAmortization": 457000000,
    "ebitda": 334000000,
    "ebit": -123000000,
    "nonOperatingIncomeExcludingInterest": 0,
    "operatingIncome": -123000000,
    "totalOtherIncomeExpensesNet": -139000000,
    "incomeBeforeTax": -262000000,
    "incomeTaxExpense": 13000000,
    "netIncomeFromContinuingOperations": 0,
    "netIncomeFromDiscontinuedOperations": 0,
    "otherAdjustmentsToNetIncome": 0,
    "netIncome": -275000000,
    "netIncomeDeductions": 0,
    "bottomLineNetIncome": -275000000,
    "eps": -0.27,
    "epsDiluted": -0.27,
    "weightedAverageShsOut": 1013700000,
    "weightedAverageShsOutDil": 1013700000
  },
  {
    "date": "2012-08-30",
    "symbol": "MU",
    "reportedCurrency": "USD",
    "cik": "0000723125",
    "filingDate": "2012-10-29",
    "acceptedDate": "2012-10-29 16:49:33",
    "fiscalYear": "2012",
    "period": "Q4",
    "revenue": 1963000000,
    "costOfRevenue": 1744000000,
    "grossProfit": 219000000,
    "researchAndDevelopmentExpenses": 235000000,
    "generalAndAdministrativeExpenses": 0,
    "sellingAndMarketingExpenses": 0,
    "sellingGeneralAndAdministrativeExpenses": 139000000,
    "otherExpenses": 0,
    "operatingExpenses": 374000000,
    "costAndExpenses": 2118000000,
    "netInterestIncome": -52000000,
    "interestIncome": 1000000,
    "interestExpense": 53000000,
    "depreciationAndAmortization": 483000000,
    "ebitda": 340000000,
    "ebit": -143000000,
    "nonOperatingIncomeExcludingInterest": 3000000,
    "operatingIncome": -140000000,
    "totalOtherIncomeExpensesNet": -56000000,
    "incomeBeforeTax": -196000000,
    "incomeTaxExpense": 14000000,
    "netIncomeFromContinuingOperations": -242000000,
    "netIncomeFromDiscontinuedOperations": 0,
    "otherAdjustmentsToNetIncome": 0,
    "netIncome": -243000000,
    "netIncomeDeductions": 0,
    "bottomLineNetIncome": -243000000,
    "eps": -0.24,
    "epsDiluted": -0.24,
    "weightedAverageShsOut": 1012300000,
    "weightedAverageShsOutDil": 1013100000
  },
  {
    "date": "2012-05-31",
    "symbol": "MU",
    "reportedCurrency": "USD",
    "cik": "0000723125",
    "filingDate": "2012-07-09",
    "acceptedDate": "2012-07-09 16:11:10",
    "fiscalYear": "2012",
    "period": "Q3",
    "revenue": 2172000000,
    "costOfRevenue": 1938000000,
    "grossProfit": 234000000,
    "researchAndDevelopmentExpenses": 231000000,
    "generalAndAdministrativeExpenses": 0,
    "sellingAndMarketingExpenses": 0,
    "sellingGeneralAndAdministrativeExpenses": 156000000,
    "otherExpenses": 0,
    "operatingExpenses": 420000000,
    "costAndExpenses": 2358000000,
    "netInterestIncome": -53000000,
    "interestIncome": 0,
    "interestExpense": 53000000,
    "depreciationAndAmortization": 525000000,
    "ebitda": 338000000,
    "ebit": -187000000,
    "nonOperatingIncomeExcludingInterest": -1000000,
    "operatingIncome": -191000000,
    "totalOtherIncomeExpensesNet": -94000000,
    "incomeBeforeTax": -243000000,
    "incomeTaxExpense": -38000000,
    "netIncomeFromContinuingOperations": -320000000,
    "netIncomeFromDiscontinuedOperations": 0,
    "otherAdjustmentsToNetIncome": 0,
    "netIncome": -320000000,
    "netIncomeDeductions": 0,
    "bottomLineNetIncome": -320000000,
    "eps": -0.32,
    "epsDiluted": -0.32,
    "weightedAverageShsOut": 987300000,
    "weightedAverageShsOutDil": 987300000
  },
  {
    "date": "2012-03-01",
    "symbol": "MU",
    "reportedCurrency": "USD",
    "cik": "0000723125",
    "filingDate": "2012-04-09",
    "acceptedDate": "2012-04-09 16:07:05",
    "fiscalYear": "2012",
    "period": "Q2",
    "revenue": 2067000000,
    "costOfRevenue": 1799000000,
    "grossProfit": 268000000,
    "researchAndDevelopmentExpenses": 222000000,
    "generalAndAdministrativeExpenses": 0,
    "sellingAndMarketingExpenses": 0,
    "sellingGeneralAndAdministrativeExpenses": 174000000,
    "otherExpenses": 19000000,
    "operatingExpenses": 416000000,
    "costAndExpenses": 2215000000,
    "netInterestIncome": -33000000,
    "interestIncome": 2000000,
    "interestExpense": 35000000,
    "depreciationAndAmortization": 569000000,
    "ebitda": 404000000,
    "ebit": -165000000,
    "nonOperatingIncomeExcludingInterest": -39000000,
    "operatingIncome": -148000000,
    "totalOtherIncomeExpensesNet": -87000000,
    "incomeBeforeTax": -142000000,
    "incomeTaxExpense": 9000000,
    "netIncomeFromContinuingOperations": -282000000,
    "netIncomeFromDiscontinuedOperations": 0,
    "otherAdjustmentsToNetIncome": 0,
    "netIncome": -224000000,
    "netIncomeDeductions": 0,
    "bottomLineNetIncome": -282000000,
    "eps": -0.23,
    "epsDiluted": -0.23,
    "weightedAverageShsOut": 982800000,
    "weightedAverageShsOutDil": 982800000
  },
  {
    "date": "2011-12-01",
    "symbol": "MU",
    "reportedCurrency": "USD",
    "cik": "0000723125",
    "filingDate": "2012-01-10",
    "acceptedDate": "2012-01-10 14:20:23",
    "fiscalYear": "2012",
    "period": "Q1",
    "revenue": 2090000000,
    "costOfRevenue": 1785000000,
    "grossProfit": 305000000,
    "researchAndDevelopmentExpenses": 230000000,
    "generalAndAdministrativeExpenses": 0,
    "sellingAndMarketingExpenses": 0,
    "sellingGeneralAndAdministrativeExpenses": 151000000,
    "otherExpenses": 6000000,
    "operatingExpenses": 387000000,
    "costAndExpenses": 2172000000,
    "netInterestIncome": -33000000,
    "interestIncome": 2000000,
    "interestExpense": 35000000,
    "depreciationAndAmortization": 564000000,
    "ebitda": 484000000,
    "ebit": -80000000,
    "nonOperatingIncomeExcludingInterest": -2000000,
    "operatingIncome": -82000000,
    "totalOtherIncomeExpensesNet": -103000000,
    "incomeBeforeTax": -115000000,
    "incomeTaxExpense": -2000000,
    "netIncomeFromContinuingOperations": -187000000,
    "netIncomeFromDiscontinuedOperations": 0,
    "otherAdjustmentsToNetIncome": 0,
    "netIncome": -187000000,
    "netIncomeDeductions": 0,
    "bottomLineNetIncome": -187000000,
    "eps": -0.19,
    "epsDiluted": -0.19,
    "weightedAverageShsOut": 981400000,
    "weightedAverageShsOutDil": 981400000
  },
  {
    "date": "2011-09-01",
    "symbol": "MU",
    "reportedCurrency": "USD",
    "cik": "0000723125",
    "filingDate": "2011-10-25",
    "acceptedDate": "2011-10-25 15:34:34",
    "fiscalYear": "2011",
    "period": "Q4",
    "revenue": 2140000000,
    "costOfRevenue": 1819000000,
    "grossProfit": 321000000,
    "researchAndDevelopmentExpenses": 209000000,
    "generalAndAdministrativeExpenses": 0,
    "sellingAndMarketingExpenses": 0,
    "sellingGeneralAndAdministrativeExpenses": 155000000,
    "otherExpenses": 0,
    "operatingExpenses": 364000000,
    "costAndExpenses": 2183000000,
    "netInterestIncome": -28000000,
    "interestIncome": 2000000,
    "interestExpense": 30000000,
    "depreciationAndAmortization": 555000000,
    "ebitda": 507000000,
    "ebit": -48000000,
    "nonOperatingIncomeExcludingInterest": -3000000,
    "operatingIncome": -51000000,
    "totalOtherIncomeExpensesNet": -27000000,
    "incomeBeforeTax": -78000000,
    "incomeTaxExpense": 16000000,
    "netIncomeFromContinuingOperations": -134000000,
    "netIncomeFromDiscontinuedOperations": 0,
    "otherAdjustmentsToNetIncome": 0,
    "netIncome": -135000000,
    "netIncomeDeductions": 0,
    "bottomLineNetIncome": -135000000,
    "eps": -0.14,
    "epsDiluted": -0.14,
    "weightedAverageShsOut": 992200000,
    "weightedAverageShsOutDil": 992200000
  },
  {
    "date": "2011-06-02",
    "symbol": "MU",
    "reportedCurrency": "USD",
    "cik": "0000723125",
    "filingDate": "2011-07-12",
    "acceptedDate": "2011-07-12 15:12:41",
    "fiscalYear": "2011",
    "period": "Q3",
    "revenue": 2139000000,
    "costOfRevenue": 1661000000,
    "grossProfit": 478000000,
    "researchAndDevelopmentExpenses": 211000000,
    "generalAndAdministrativeExpenses": 0,
    "sellingAndMarketingExpenses": 0,
    "sellingGeneralAndAdministrativeExpenses": 151000000,
    "otherExpenses": 0,
    "operatingExpenses": 241000000,
    "costAndExpenses": 1902000000,
    "netInterestIncome": -22000000,
    "interestIncome": 6000000,
    "interestExpense": 28000000,
    "depreciationAndAmortization": 547000000,
    "ebitda": 800000000,
    "ebit": 253000000,
    "nonOperatingIncomeExcludingInterest": -16000000,
    "operatingIncome": 237000000,
    "totalOtherIncomeExpensesNet": -12000000,
    "incomeBeforeTax": 225000000,
    "incomeTaxExpense": 104000000,
    "netIncomeFromContinuingOperations": 77000000,
    "netIncomeFromDiscontinuedOperations": 0,
    "otherAdjustmentsToNetIncome": 0,
    "netIncome": 75000000,
    "netIncomeDeductions": 0,
    "bottomLineNetIncome": 75000000,
    "eps": 0.07,
    "epsDiluted": 0.07,
    "weightedAverageShsOut": 998900000,
    "weightedAverageShsOutDil": 1041700000
  },
  {
    "date": "2011-03-03",
    "symbol": "MU",
    "reportedCurrency": "USD",
    "cik": "0000723125",
    "filingDate": "2011-04-12",
    "acceptedDate": "2011-04-12 16:55:00",
    "fiscalYear": "2011",
    "period": "Q2",
    "revenue": 2257000000,
    "costOfRevenue": 1822000000,
    "grossProfit": 435000000,
    "researchAndDevelopmentExpenses": 186000000,
    "generalAndAdministrativeExpenses": 0,
    "sellingAndMarketingExpenses": 0,
    "sellingGeneralAndAdministrativeExpenses": 146000000,
    "otherExpenses": -76000000,
    "operatingExpenses": 256000000,
    "costAndExpenses": 2078000000,
    "netInterestIncome": -21000000,
    "interestIncome": 7000000,
    "interestExpense": 28000000,
    "depreciationAndAmortization": 486000000,
    "ebitda": 672000000,
    "ebit": 186000000,
    "nonOperatingIncomeExcludingInterest": -7000000,
    "operatingIncome": 179000000,
    "totalOtherIncomeExpensesNet": -21000000,
    "incomeBeforeTax": 158000000,
    "incomeTaxExpense": 35000000,
    "netIncomeFromContinuingOperations": 75000000,
    "netIncomeFromDiscontinuedOperations": 0,
    "otherAdjustmentsToNetIncome": 0,
    "netIncome": 72000000,
    "netIncomeDeductions": 0,
    "bottomLineNetIncome": 72000000,
    "eps": 0.07,
    "epsDiluted": 0.07,
    "weightedAverageShsOut": 988100000,
    "weightedAverageShsOutDil": 1037300000
  },
  {
    "date": "2010-12-02",
    "symbol": "MU",
    "reportedCurrency": "USD",
    "cik": "0000723125",
    "filingDate": "2011-01-11",
    "acceptedDate": "2011-01-11 15:26:05",
    "fiscalYear": "2011",
    "period": "Q1",
    "revenue": 2252000000,
    "costOfRevenue": 1728000000,
    "grossProfit": 524000000,
    "researchAndDevelopmentExpenses": 185000000,
    "generalAndAdministrativeExpenses": 0,
    "sellingAndMarketingExpenses": 0,
    "sellingGeneralAndAdministrativeExpenses": 140000000,
    "otherExpenses": -191000000,
    "operatingExpenses": 134000000,
    "costAndExpenses": 1862000000,
    "netInterestIncome": -30000000,
    "interestIncome": 8000000,
    "interestExpense": 38000000,
    "depreciationAndAmortization": 517000000,
    "ebitda": 784000000,
    "ebit": 284000000,
    "nonOperatingIncomeExcludingInterest": 106000000,
    "operatingIncome": 390000000,
    "totalOtherIncomeExpensesNet": -144000000,
    "incomeBeforeTax": 246000000,
    "incomeTaxExpense": 48000000,
    "netIncomeFromContinuingOperations": 172000000,
    "netIncomeFromDiscontinuedOperations": 0,
    "otherAdjustmentsToNetIncome": 0,
    "netIncome": 155000000,
    "netIncomeDeductions": 0,
    "bottomLineNetIncome": 155000000,
    "eps": 0.16,
    "epsDiluted": 0.15,
    "weightedAverageShsOut": 972900000,
    "weightedAverageShsOutDil": 1031300000
  },
  {
    "date": "2010-09-02",
    "symbol": "MU",
    "reportedCurrency": "USD",
    "cik": "0000723125",
    "filingDate": "2010-10-26",
    "acceptedDate": "2010-10-26 13:57:47",
    "fiscalYear": "2010",
    "period": "Q4",
    "revenue": 2493000000,
    "costOfRevenue": 1712000000,
    "grossProfit": 781000000,
    "researchAndDevelopmentExpenses": 197000000,
    "generalAndAdministrativeExpenses": 0,
    "sellingAndMarketingExpenses": 0,
    "sellingGeneralAndAdministrativeExpenses": 141000000,
    "otherExpenses": 13000000,
    "operatingExpenses": 351000000,
    "costAndExpenses": 2063000000,
    "netInterestIncome": -31000000,
    "interestIncome": 10000000,
    "interestExpense": 41000000,
    "depreciationAndAmortization": 531000000,
    "ebitda": 972000000,
    "ebit": 441000000,
    "nonOperatingIncomeExcludingInterest": -8000000,
    "operatingIncome": 433000000,
    "totalOtherIncomeExpensesNet": -33000000,
    "incomeBeforeTax": 400000000,
    "incomeTaxExpense": 25000000,
    "netIncomeFromContinuingOperations": 359000000,
    "netIncomeFromDiscontinuedOperations": 0,
    "otherAdjustmentsToNetIncome": 0,
    "netIncome": 342000000,
    "netIncomeDeductions": 0,
    "bottomLineNetIncome": 342000000,
    "eps": 0.3,
    "epsDiluted": 0.3,
    "weightedAverageShsOut": 1142600000,
    "weightedAverageShsOutDil": 1142600000
  },
  {
    "date": "2010-06-03",
    "symbol": "MU",
    "reportedCurrency": "USD",
    "cik": "0000723125",
    "filingDate": "2010-07-13",
    "acceptedDate": "2010-07-13 16:15:15",
    "fiscalYear": "2010",
    "period": "Q3",
    "revenue": 2288000000,
    "costOfRevenue": 1440000000,
    "grossProfit": 848000000,
    "researchAndDevelopmentExpenses": 142000000,
    "generalAndAdministrativeExpenses": 0,
    "sellingAndMarketingExpenses": 0,
    "sellingGeneralAndAdministrativeExpenses": 190000000,
    "otherExpenses": -19000000,
    "operatingExpenses": 313000000,
    "costAndExpenses": 1753000000,
    "netInterestIncome": -40000000,
    "interestIncome": 4000000,
    "interestExpense": 44000000,
    "depreciationAndAmortization": 497000000,
    "ebitda": 1036000000,
    "ebit": 982000000,
    "nonOperatingIncomeExcludingInterest": -442000000,
    "operatingIncome": 540000000,
    "totalOtherIncomeExpensesNet": 398000000,
    "incomeBeforeTax": 938000000,
    "incomeTaxExpense": -41000000,
    "netIncomeFromContinuingOperations": 960000000,
    "netIncomeFromDiscontinuedOperations": 0,
    "otherAdjustmentsToNetIncome": 0,
    "netIncome": 939000000,
    "netIncomeDeductions": 0,
    "bottomLineNetIncome": 939000000,
    "eps": 1.06,
    "epsDiluted": 0.92,
    "weightedAverageShsOut": 885400000,
    "weightedAverageShsOutDil": 1049400000
  },
  {
    "date": "2010-03-04",
    "symbol": "MU",
    "reportedCurrency": "USD",
    "cik": "0000723125",
    "filingDate": "2010-04-09",
    "acceptedDate": "2010-04-09 16:32:25",
    "fiscalYear": "2010",
    "period": "Q2",
    "revenue": 1961000000,
    "costOfRevenue": 1319000000,
    "grossProfit": 642000000,
    "researchAndDevelopmentExpenses": 148000000,
    "generalAndAdministrativeExpenses": 0,
    "sellingAndMarketingExpenses": 0,
    "sellingGeneralAndAdministrativeExpenses": 100000000,
    "otherExpenses": -20000000,
    "operatingExpenses": 228000000,
    "costAndExpenses": 1547000000,
    "netInterestIncome": -44000000,
    "interestIncome": 2000000,
    "interestExpense": 46000000,
    "depreciationAndAmortization": 486000000,
    "ebitda": 862000000,
    "ebit": 416000000,
    "nonOperatingIncomeExcludingInterest": -1000000,
    "operatingIncome": 415000000,
    "totalOtherIncomeExpensesNet": -45000000,
    "incomeBeforeTax": 370000000,
    "incomeTaxExpense": 4000000,
    "netIncomeFromContinuingOperations": 379000000,
    "netIncomeFromDiscontinuedOperations": 0,
    "otherAdjustmentsToNetIncome": 0,
    "netIncome": 365000000,
    "netIncomeDeductions": 0,
    "bottomLineNetIncome": 365000000,
    "eps": 0.43,
    "epsDiluted": 0.39,
    "weightedAverageShsOut": 847600000,
    "weightedAverageShsOutDil": 1005300000
  },
  {
    "date": "2009-12-03",
    "symbol": "MU",
    "reportedCurrency": "USD",
    "cik": "0000723125",
    "filingDate": "2010-01-12",
    "acceptedDate": "2010-01-12 14:40:38",
    "fiscalYear": "2010",
    "period": "Q1",
    "revenue": 1740000000,
    "costOfRevenue": 1297000000,
    "grossProfit": 443000000,
    "researchAndDevelopmentExpenses": 137000000,
    "generalAndAdministrativeExpenses": 0,
    "sellingAndMarketingExpenses": 0,
    "sellingGeneralAndAdministrativeExpenses": 97000000,
    "otherExpenses": 9000000,
    "operatingExpenses": 243000000,
    "costAndExpenses": 1540000000,
    "netInterestIncome": -45000000,
    "interestIncome": 2000000,
    "interestExpense": 47000000,
    "depreciationAndAmortization": 491000000,
    "ebitda": 750000000,
    "ebit": 259000000,
    "nonOperatingIncomeExcludingInterest": -58000000,
    "operatingIncome": 201000000,
    "totalOtherIncomeExpensesNet": 3000000,
    "incomeBeforeTax": 212000000,
    "incomeTaxExpense": -7000000,
    "netIncomeFromContinuingOperations": 202000000,
    "netIncomeFromDiscontinuedOperations": 0,
    "otherAdjustmentsToNetIncome": 0,
    "netIncome": 204000000,
    "netIncomeDeductions": 0,
    "bottomLineNetIncome": 204000000,
    "eps": 0.24,
    "epsDiluted": 0.23,
    "weightedAverageShsOut": 846300000,
    "weightedAverageShsOutDil": 1000700000
  },
  {
    "date": "2009-09-03",
    "symbol": "MU",
    "reportedCurrency": "USD",
    "cik": "0000723125",
    "filingDate": "2009-10-28",
    "acceptedDate": "2009-10-28 13:00:39",
    "fiscalYear": "2009",
    "period": "Q4",
    "revenue": 1302000000,
    "costOfRevenue": 1132000000,
    "grossProfit": 170000000,
    "researchAndDevelopmentExpenses": 139000000,
    "generalAndAdministrativeExpenses": 0,
    "sellingAndMarketingExpenses": 0,
    "sellingGeneralAndAdministrativeExpenses": 82000000,
    "otherExpenses": -14000000,
    "operatingExpenses": 207000000,
    "costAndExpenses": 1339000000,
    "netInterestIncome": -31000000,
    "interestIncome": 2000000,
    "interestExpense": 33000000,
    "depreciationAndAmortization": 491000000,
    "ebitda": 443000000,
    "ebit": -48000000,
    "nonOperatingIncomeExcludingInterest": -1000000,
    "operatingIncome": -49000000,
    "totalOtherIncomeExpensesNet": -32000000,
    "incomeBeforeTax": -81000000,
    "incomeTaxExpense": -13000000,
    "netIncomeFromContinuingOperations": -102000000,
    "netIncomeFromDiscontinuedOperations": 0,
    "otherAdjustmentsToNetIncome": 0,
    "netIncome": -88000000,
    "netIncomeDeductions": 0,
    "bottomLineNetIncome": -88000000,
    "eps": -0.1,
    "epsDiluted": -0.1,
    "weightedAverageShsOut": 843300000,
    "weightedAverageShsOutDil": 844300000
  },
  {
    "date": "2009-06-04",
    "symbol": "MU",
    "reportedCurrency": "USD",
    "cik": "0000723125",
    "filingDate": "2009-07-14",
    "acceptedDate": "2009-07-14 14:11:49",
    "fiscalYear": "2009",
    "period": "Q3",
    "revenue": 1106000000,
    "costOfRevenue": 999000000,
    "grossProfit": 107000000,
    "researchAndDevelopmentExpenses": 162000000,
    "generalAndAdministrativeExpenses": 0,
    "sellingAndMarketingExpenses": 0,
    "sellingGeneralAndAdministrativeExpenses": 80000000,
    "otherExpenses": 92000000,
    "operatingExpenses": 334000000,
    "costAndExpenses": 1333000000,
    "netInterestIncome": -43000000,
    "interestIncome": 6000000,
    "interestExpense": 37000000,
    "depreciationAndAmortization": 514000000,
    "ebitda": 282000000,
    "ebit": -244000000,
    "nonOperatingIncomeExcludingInterest": -2000000,
    "operatingIncome": -246000000,
    "totalOtherIncomeExpensesNet": -47000000,
    "incomeBeforeTax": -280000000,
    "incomeTaxExpense": -2000000,
    "netIncomeFromContinuingOperations": -334000000,
    "netIncomeFromDiscontinuedOperations": 0,
    "otherAdjustmentsToNetIncome": 0,
    "netIncome": -290000000,
    "netIncomeDeductions": 0,
    "bottomLineNetIncome": -301000000,
    "eps": -0.36,
    "epsDiluted": -0.36,
    "weightedAverageShsOut": 813300000,
    "weightedAverageShsOutDil": 813300000
  },
  {
    "date": "2009-03-05",
    "symbol": "MU",
    "reportedCurrency": "USD",
    "cik": "0000723125",
    "filingDate": "2009-04-07",
    "acceptedDate": "2009-04-07 14:24:52",
    "fiscalYear": "2009",
    "period": "Q2",
    "revenue": 993000000,
    "costOfRevenue": 1260000000,
    "grossProfit": -267000000,
    "researchAndDevelopmentExpenses": 168000000,
    "generalAndAdministrativeExpenses": 0,
    "sellingAndMarketingExpenses": 0,
    "sellingGeneralAndAdministrativeExpenses": 90000000,
    "otherExpenses": 78000000,
    "operatingExpenses": 336000000,
    "costAndExpenses": 1596000000,
    "netInterestIncome": -43000000,
    "interestIncome": 4000000,
    "interestExpense": 47000000,
    "depreciationAndAmortization": 540000000,
    "ebitda": -143000000,
    "ebit": -706000000,
    "nonOperatingIncomeExcludingInterest": -3000000,
    "operatingIncome": -708000000,
    "totalOtherIncomeExpensesNet": -44000000,
    "incomeBeforeTax": -742000000,
    "incomeTaxExpense": 4000000,
    "netIncomeFromContinuingOperations": -814000000,
    "netIncomeFromDiscontinuedOperations": 0,
    "otherAdjustmentsToNetIncome": 0,
    "netIncome": -751000000,
    "netIncomeDeductions": 0,
    "bottomLineNetIncome": -763000000,
    "eps": -0.97,
    "epsDiluted": -0.97,
    "weightedAverageShsOut": 773900000,
    "weightedAverageShsOutDil": 773900000
  },
  {
    "date": "2008-12-04",
    "symbol": "MU",
    "reportedCurrency": "USD",
    "cik": "0000723125",
    "filingDate": "2009-01-13",
    "acceptedDate": "2009-01-13 15:00:56",
    "fiscalYear": "2009",
    "period": "Q1",
    "revenue": 1402000000,
    "costOfRevenue": 1851000000,
    "grossProfit": -449000000,
    "researchAndDevelopmentExpenses": 178000000,
    "generalAndAdministrativeExpenses": 0,
    "sellingAndMarketingExpenses": 0,
    "sellingGeneralAndAdministrativeExpenses": 102000000,
    "otherExpenses": 0,
    "operatingExpenses": 289000000,
    "costAndExpenses": 2140000000,
    "netInterestIncome": 0,
    "interestIncome": 0,
    "interestExpense": 0,
    "depreciationAndAmortization": 594000000,
    "ebitda": -144000000,
    "ebit": -738000000,
    "nonOperatingIncomeExcludingInterest": 66000000,
    "operatingIncome": -672000000,
    "totalOtherIncomeExpensesNet": -34000000,
    "incomeBeforeTax": -706000000,
    "incomeTaxExpense": 0,
    "netIncomeFromContinuingOperations": -706000000,
    "netIncomeFromDiscontinuedOperations": 0,
    "otherAdjustmentsToNetIncome": 0,
    "netIncome": -706000000,
    "netIncomeDeductions": 0,
    "bottomLineNetIncome": -706000000,
    "eps": -0.91,
    "epsDiluted": -0.91,
    "weightedAverageShsOut": 773300000,
    "weightedAverageShsOutDil": 773300000
  },
  {
    "date": "2008-10-08",
    "symbol": "MU",
    "reportedCurrency": "USD",
    "cik": "0000723125",
    "filingDate": "2008-10-27",
    "acceptedDate": "2008-10-27 16:38:04",
    "fiscalYear": "2008",
    "period": "Q4",
    "revenue": 1449000000,
    "costOfRevenue": 1514000000,
    "grossProfit": -65000000,
    "researchAndDevelopmentExpenses": 167000000,
    "generalAndAdministrativeExpenses": 0,
    "sellingAndMarketingExpenses": 0,
    "sellingGeneralAndAdministrativeExpenses": 107000000,
    "otherExpenses": -5000000,
    "operatingExpenses": 269000000,
    "costAndExpenses": 1783000000,
    "netInterestIncome": 0,
    "interestIncome": 0,
    "interestExpense": 0,
    "depreciationAndAmortization": 532000000,
    "ebitda": 198000000,
    "ebit": -334000000,
    "nonOperatingIncomeExcludingInterest": -4000000,
    "operatingIncome": -338000000,
    "totalOtherIncomeExpensesNet": -15000000,
    "incomeBeforeTax": -353000000,
    "incomeTaxExpense": 2000000,
    "netIncomeFromContinuingOperations": -344000000,
    "netIncomeFromDiscontinuedOperations": 0,
    "otherAdjustmentsToNetIncome": 0,
    "netIncome": -344000000,
    "netIncomeDeductions": 0,
    "bottomLineNetIncome": -344000000,
    "eps": -0.45,
    "epsDiluted": -0.45,
    "weightedAverageShsOut": 772800000,
    "weightedAverageShsOutDil": 772800000
  },
  {
    "date": "2008-06-26",
    "symbol": "MU",
    "reportedCurrency": "USD",
    "cik": "0000723125",
    "filingDate": "2008-07-08",
    "acceptedDate": "2008-07-08 15:30:42",
    "fiscalYear": "2008",
    "period": "Q3",
    "revenue": 1498000000,
    "costOfRevenue": 1450000000,
    "grossProfit": 48000000,
    "researchAndDevelopmentExpenses": 170000000,
    "generalAndAdministrativeExpenses": 0,
    "sellingAndMarketingExpenses": 0,
    "sellingGeneralAndAdministrativeExpenses": 116000000,
    "otherExpenses": -21000000,
    "operatingExpenses": 265000000,
    "costAndExpenses": 1715000000,
    "netInterestIncome": -6000000,
    "interestIncome": 15000000,
    "interestExpense": 21000000,
    "depreciationAndAmortization": 513000000,
    "ebitda": 303000000,
    "ebit": -210000000,
    "nonOperatingIncomeExcludingInterest": -28000000,
    "operatingIncome": -225000000,
    "totalOtherIncomeExpensesNet": 7000000,
    "incomeBeforeTax": -231000000,
    "incomeTaxExpense": 13000000,
    "netIncomeFromContinuingOperations": -244000000,
    "netIncomeFromDiscontinuedOperations": 0,
    "otherAdjustmentsToNetIncome": 0,
    "netIncome": -236000000,
    "netIncomeDeductions": 0,
    "bottomLineNetIncome": -236000000,
    "eps": -0.31,
    "epsDiluted": -0.31,
    "weightedAverageShsOut": 772800000,
    "weightedAverageShsOutDil": 772800000
  },
  {
    "date": "2008-02-28",
    "symbol": "MU",
    "reportedCurrency": "USD",
    "cik": "0000723125",
    "filingDate": "2008-04-08",
    "acceptedDate": "2008-04-08 15:17:11",
    "fiscalYear": "2008",
    "period": "Q2",
    "revenue": 1359000000,
    "costOfRevenue": 1402000000,
    "grossProfit": -43000000,
    "researchAndDevelopmentExpenses": 180000000,
    "generalAndAdministrativeExpenses": 0,
    "sellingAndMarketingExpenses": 0,
    "sellingGeneralAndAdministrativeExpenses": 120000000,
    "otherExpenses": 421000000,
    "operatingExpenses": 721000000,
    "costAndExpenses": 2123000000,
    "netInterestIncome": 0,
    "interestIncome": 0,
    "interestExpense": 0,
    "depreciationAndAmortization": 511000000,
    "ebitda": -253000000,
    "ebit": -764000000,
    "nonOperatingIncomeExcludingInterest": -8000000,
    "operatingIncome": -772000000,
    "totalOtherIncomeExpensesNet": -3000000,
    "incomeBeforeTax": -775000000,
    "incomeTaxExpense": 4000000,
    "netIncomeFromContinuingOperations": -777000000,
    "netIncomeFromDiscontinuedOperations": 0,
    "otherAdjustmentsToNetIncome": 0,
    "netIncome": -777000000,
    "netIncomeDeductions": 0,
    "bottomLineNetIncome": -777000000,
    "eps": -1.01,
    "epsDiluted": -1.01,
    "weightedAverageShsOut": 772400000,
    "weightedAverageShsOutDil": 772400000
  },
  {
    "date": "2007-11-29",
    "symbol": "MU",
    "reportedCurrency": "USD",
    "cik": "0000723125",
    "filingDate": "2008-01-08",
    "acceptedDate": "2008-01-08 16:34:18",
    "fiscalYear": "2008",
    "period": "Q1",
    "revenue": 1535000000,
    "costOfRevenue": 1530000000,
    "grossProfit": 5000000,
    "researchAndDevelopmentExpenses": 163000000,
    "generalAndAdministrativeExpenses": 0,
    "sellingAndMarketingExpenses": 0,
    "sellingGeneralAndAdministrativeExpenses": 112000000,
    "otherExpenses": 0,
    "operatingExpenses": 252000000,
    "costAndExpenses": 1782000000,
    "netInterestIncome": 0,
    "interestIncome": 0,
    "interestExpense": 0,
    "depreciationAndAmortization": 504000000,
    "ebitda": 257000000,
    "ebit": -247000000,
    "nonOperatingIncomeExcludingInterest": -13000000,
    "operatingIncome": -260000000,
    "totalOtherIncomeExpensesNet": 8000000,
    "incomeBeforeTax": -252000000,
    "incomeTaxExpense": 7000000,
    "netIncomeFromContinuingOperations": -262000000,
    "netIncomeFromDiscontinuedOperations": 0,
    "otherAdjustmentsToNetIncome": 0,
    "netIncome": -262000000,
    "netIncomeDeductions": 0,
    "bottomLineNetIncome": -262000000,
    "eps": -0.34,
    "epsDiluted": -0.34,
    "weightedAverageShsOut": 771900000,
    "weightedAverageShsOutDil": 771900000
  },
  {
    "date": "2007-10-12",
    "symbol": "MU",
    "reportedCurrency": "USD",
    "cik": "0000723125",
    "filingDate": "2007-10-26",
    "acceptedDate": "2007-10-26 16:27:57",
    "fiscalYear": "2007",
    "period": "Q4",
    "revenue": 1437000000,
    "costOfRevenue": 1264000000,
    "grossProfit": 173000000,
    "researchAndDevelopmentExpenses": 184000000,
    "generalAndAdministrativeExpenses": 0,
    "sellingAndMarketingExpenses": 0,
    "sellingGeneralAndAdministrativeExpenses": 143000000,
    "otherExpenses": -12000000,
    "operatingExpenses": 315000000,
    "costAndExpenses": 1579000000,
    "netInterestIncome": 0,
    "interestIncome": 0,
    "interestExpense": 0,
    "depreciationAndAmortization": 474000000,
    "ebitda": 332000000,
    "ebit": -142000000,
    "nonOperatingIncomeExcludingInterest": -19000000,
    "operatingIncome": -161000000,
    "totalOtherIncomeExpensesNet": 15000000,
    "incomeBeforeTax": -146000000,
    "incomeTaxExpense": 6000000,
    "netIncomeFromContinuingOperations": -158000000,
    "netIncomeFromDiscontinuedOperations": 0,
    "otherAdjustmentsToNetIncome": 0,
    "netIncome": -158000000,
    "netIncomeDeductions": 0,
    "bottomLineNetIncome": -158000000,
    "eps": -0.21,
    "epsDiluted": -0.21,
    "weightedAverageShsOut": 769900000,
    "weightedAverageShsOutDil": 769900000
  },
  {
    "date": "2007-05-31",
    "symbol": "MU",
    "reportedCurrency": "USD",
    "cik": "0000723125",
    "filingDate": "2007-07-10",
    "acceptedDate": "2007-07-10 17:01:17",
    "fiscalYear": "2007",
    "period": "Q3",
    "revenue": 1294000000,
    "costOfRevenue": 1188000000,
    "grossProfit": 106000000,
    "researchAndDevelopmentExpenses": 195000000,
    "generalAndAdministrativeExpenses": 0,
    "sellingAndMarketingExpenses": 0,
    "sellingGeneralAndAdministrativeExpenses": 134000000,
    "otherExpenses": -28000000,
    "operatingExpenses": 301000000,
    "costAndExpenses": 1489000000,
    "netInterestIncome": 0,
    "interestIncome": 0,
    "interestExpense": 0,
    "depreciationAndAmortization": 444000000,
    "ebitda": 249000000,
    "ebit": -195000000,
    "nonOperatingIncomeExcludingInterest": 0,
    "operatingIncome": -195000000,
    "totalOtherIncomeExpensesNet": -39000000,
    "incomeBeforeTax": -177000000,
    "incomeTaxExpense": 9000000,
    "netIncomeFromContinuingOperations": -225000000,
    "netIncomeFromDiscontinuedOperations": 0,
    "otherAdjustmentsToNetIncome": 0,
    "netIncome": -225000000,
    "netIncomeDeductions": 0,
    "bottomLineNetIncome": -225000000,
    "eps": -0.29,
    "epsDiluted": -0.29,
    "weightedAverageShsOut": 769900000,
    "weightedAverageShsOutDil": 769900000
  },
  {
    "date": "2007-03-01",
    "symbol": "MU",
    "reportedCurrency": "USD",
    "cik": "0000723125",
    "filingDate": "2007-04-10",
    "acceptedDate": "2007-04-10 16:20:50",
    "fiscalYear": "2007",
    "period": "Q2",
    "revenue": 1427000000,
    "costOfRevenue": 1070000000,
    "grossProfit": 357000000,
    "researchAndDevelopmentExpenses": 243000000,
    "generalAndAdministrativeExpenses": 0,
    "sellingAndMarketingExpenses": 0,
    "sellingGeneralAndAdministrativeExpenses": 153000000,
    "otherExpenses": -5000000,
    "operatingExpenses": 391000000,
    "costAndExpenses": 1461000000,
    "netInterestIncome": 0,
    "interestIncome": 0,
    "interestExpense": 0,
    "depreciationAndAmortization": 420000000,
    "ebitda": 386000000,
    "ebit": -34000000,
    "nonOperatingIncomeExcludingInterest": 0,
    "operatingIncome": -34000000,
    "totalOtherIncomeExpensesNet": -24000000,
    "incomeBeforeTax": 2000000,
    "incomeTaxExpense": 6000000,
    "netIncomeFromContinuingOperations": -52000000,
    "netIncomeFromDiscontinuedOperations": 0,
    "otherAdjustmentsToNetIncome": 0,
    "netIncome": -52000000,
    "netIncomeDeductions": 0,
    "bottomLineNetIncome": -52000000,
    "eps": -0.0676,
    "epsDiluted": -0.0676,
    "weightedAverageShsOut": 768700000,
    "weightedAverageShsOutDil": 768700000
  },
  {
    "date": "2006-11-30",
    "symbol": "MU",
    "reportedCurrency": "USD",
    "cik": "0000723125",
    "filingDate": "2007-01-16",
    "acceptedDate": "2007-01-16 16:14:31",
    "fiscalYear": "2007",
    "period": "Q1",
    "revenue": 1530000000,
    "costOfRevenue": 1088000000,
    "grossProfit": 442000000,
    "researchAndDevelopmentExpenses": 183000000,
    "generalAndAdministrativeExpenses": 0,
    "sellingAndMarketingExpenses": 0,
    "sellingGeneralAndAdministrativeExpenses": 180000000,
    "otherExpenses": -31000000,
    "operatingExpenses": 332000000,
    "costAndExpenses": 1420000000,
    "netInterestIncome": 0,
    "interestIncome": 0,
    "interestExpense": 0,
    "depreciationAndAmortization": 380000000,
    "ebitda": 490000000,
    "ebit": 110000000,
    "nonOperatingIncomeExcludingInterest": 0,
    "operatingIncome": 110000000,
    "totalOtherIncomeExpensesNet": 5000000,
    "incomeBeforeTax": 153000000,
    "incomeTaxExpense": 9000000,
    "netIncomeFromContinuingOperations": 115000000,
    "netIncomeFromDiscontinuedOperations": 0,
    "otherAdjustmentsToNetIncome": 0,
    "netIncome": 115000000,
    "netIncomeDeductions": 0,
    "bottomLineNetIncome": 115000000,
    "eps": 0.15,
    "epsDiluted": 0.15,
    "weightedAverageShsOut": 767000000,
    "weightedAverageShsOutDil": 779600000
  },
  {
    "date": "2006-08-31",
    "symbol": "MU",
    "reportedCurrency": "USD",
    "cik": "0000723125",
    "filingDate": "2006-11-08",
    "acceptedDate": "2006-11-07 19:56:42",
    "fiscalYear": "2006",
    "period": "Q4",
    "revenue": 1372900000,
    "costOfRevenue": 1049100000,
    "grossProfit": 323800000,
    "researchAndDevelopmentExpenses": 163300000,
    "generalAndAdministrativeExpenses": 0,
    "sellingAndMarketingExpenses": 0,
    "sellingGeneralAndAdministrativeExpenses": 143700000,
    "otherExpenses": -35200000,
    "operatingExpenses": 271800000,
    "costAndExpenses": 1320900000,
    "netInterestIncome": 0,
    "interestIncome": 0,
    "interestExpense": 0,
    "depreciationAndAmortization": 344800000,
    "ebitda": 396800000,
    "ebit": 52000000,
    "nonOperatingIncomeExcludingInterest": 1000000,
    "operatingIncome": 53000000,
    "totalOtherIncomeExpensesNet": 5800000,
    "incomeBeforeTax": 91900000,
    "incomeTaxExpense": 4000000,
    "netIncomeFromContinuingOperations": 63700000,
    "netIncomeFromDiscontinuedOperations": 0,
    "otherAdjustmentsToNetIncome": 0,
    "netIncome": 63700000,
    "netIncomeDeductions": 0,
    "bottomLineNetIncome": 63700000,
    "eps": 0.0885,
    "epsDiluted": 0.0885,
    "weightedAverageShsOut": 720100000,
    "weightedAverageShsOutDil": 720100000
  },
  {
    "date": "2006-06-01",
    "symbol": "MU",
    "reportedCurrency": "USD",
    "cik": "0000723125",
    "filingDate": "2006-07-11",
    "acceptedDate": "2006-07-11 15:43:35",
    "fiscalYear": "2006",
    "period": "Q3",
    "revenue": 1312300000,
    "costOfRevenue": 982500000,
    "grossProfit": 329800000,
    "researchAndDevelopmentExpenses": 167700000,
    "generalAndAdministrativeExpenses": 0,
    "sellingAndMarketingExpenses": 0,
    "sellingGeneralAndAdministrativeExpenses": 113200000,
    "otherExpenses": 1500000,
    "operatingExpenses": 282400000,
    "costAndExpenses": 1264900000,
    "netInterestIncome": 0,
    "interestIncome": 0,
    "interestExpense": 0,
    "depreciationAndAmortization": 341200000,
    "ebitda": 47400000,
    "ebit": 47400000,
    "nonOperatingIncomeExcludingInterest": 0,
    "operatingIncome": 47400000,
    "totalOtherIncomeExpensesNet": 30400000,
    "incomeBeforeTax": 77800000,
    "incomeTaxExpense": 6500000,
    "netIncomeFromContinuingOperations": 88500000,
    "netIncomeFromDiscontinuedOperations": 0,
    "otherAdjustmentsToNetIncome": 0,
    "netIncome": 88500000,
    "netIncomeDeductions": 0,
    "bottomLineNetIncome": 88500000,
    "eps": 0.12,
    "epsDiluted": 0.12,
    "weightedAverageShsOut": 708600000,
    "weightedAverageShsOutDil": 720100000
  },
  {
    "date": "2006-03-02",
    "symbol": "MU",
    "reportedCurrency": "USD",
    "cik": "0000723125",
    "filingDate": "2006-04-11",
    "acceptedDate": "2006-04-11 17:10:42",
    "fiscalYear": "2006",
    "period": "Q2",
    "revenue": 1225000000,
    "costOfRevenue": 990000000,
    "grossProfit": 235000000,
    "researchAndDevelopmentExpenses": 160000000,
    "generalAndAdministrativeExpenses": 0,
    "sellingAndMarketingExpenses": 0,
    "sellingGeneralAndAdministrativeExpenses": 108000000,
    "otherExpenses": -220000000,
    "operatingExpenses": 48000000,
    "costAndExpenses": 1038000000,
    "netInterestIncome": 0,
    "interestIncome": 0,
    "interestExpense": 0,
    "depreciationAndAmortization": 291600000,
    "ebitda": 479600000,
    "ebit": 188000000,
    "nonOperatingIncomeExcludingInterest": -1000000,
    "operatingIncome": 187000000,
    "totalOtherIncomeExpensesNet": 14000000,
    "incomeBeforeTax": 201000000,
    "incomeTaxExpense": 7000000,
    "netIncomeFromContinuingOperations": 193000000,
    "netIncomeFromDiscontinuedOperations": 0,
    "otherAdjustmentsToNetIncome": 0,
    "netIncome": 193000000,
    "netIncomeDeductions": 0,
    "bottomLineNetIncome": 193000000,
    "eps": 0.29,
    "epsDiluted": 0.27,
    "weightedAverageShsOut": 661500000,
    "weightedAverageShsOutDil": 714600000
  },
  {
    "date": "2005-12-01",
    "symbol": "MU",
    "reportedCurrency": "USD",
    "cik": "0000723125",
    "filingDate": "2006-01-10",
    "acceptedDate": "2006-01-10 10:13:42",
    "fiscalYear": "2006",
    "period": "Q1",
    "revenue": 1361800000,
    "costOfRevenue": 1050700000,
    "grossProfit": 311100000,
    "researchAndDevelopmentExpenses": 165500000,
    "generalAndAdministrativeExpenses": 0,
    "sellingAndMarketingExpenses": 0,
    "sellingGeneralAndAdministrativeExpenses": 95300000,
    "otherExpenses": -12100000,
    "operatingExpenses": 248700000,
    "costAndExpenses": 1299400000,
    "netInterestIncome": 0,
    "interestIncome": 0,
    "interestExpense": 0,
    "depreciationAndAmortization": 303400000,
    "ebitda": 62400000,
    "ebit": 62400000,
    "nonOperatingIncomeExcludingInterest": 0,
    "operatingIncome": 62400000,
    "totalOtherIncomeExpensesNet": 400000,
    "incomeBeforeTax": 62800000,
    "incomeTaxExpense": 200000,
    "netIncomeFromContinuingOperations": 62600000,
    "netIncomeFromDiscontinuedOperations": 0,
    "otherAdjustmentsToNetIncome": 0,
    "netIncome": 62600000,
    "netIncomeDeductions": 0,
    "bottomLineNetIncome": 62600000,
    "eps": 0.1,
    "epsDiluted": 0.09,
    "weightedAverageShsOut": 650100000,
    "weightedAverageShsOutDil": 707100000
  },
  {
    "date": "2005-09-01",
    "symbol": "MU",
    "reportedCurrency": "USD",
    "cik": "0000723125",
    "filingDate": "2005-11-04",
    "acceptedDate": "2005-11-04 16:21:55",
    "fiscalYear": "2005",
    "period": "Q4",
    "revenue": 1257800000,
    "costOfRevenue": 975600000,
    "grossProfit": 282200000,
    "researchAndDevelopmentExpenses": 150500000,
    "generalAndAdministrativeExpenses": 0,
    "sellingAndMarketingExpenses": 0,
    "sellingGeneralAndAdministrativeExpenses": 65700000,
    "otherExpenses": 19700000,
    "operatingExpenses": 235900000,
    "costAndExpenses": 1211500000,
    "netInterestIncome": 0,
    "interestIncome": 0,
    "interestExpense": 0,
    "depreciationAndAmortization": 314900000,
    "ebitda": 361200000,
    "ebit": 46300000,
    "nonOperatingIncomeExcludingInterest": 0,
    "operatingIncome": 46300000,
    "totalOtherIncomeExpensesNet": -3100000,
    "incomeBeforeTax": 43200000,
    "incomeTaxExpense": 100000,
    "netIncomeFromContinuingOperations": 43100000,
    "netIncomeFromDiscontinuedOperations": 0,
    "otherAdjustmentsToNetIncome": 0,
    "netIncome": 43100000,
    "netIncomeDeductions": 0,
    "bottomLineNetIncome": 43100000,
    "eps": 0.0663,
    "epsDiluted": 0.0663,
    "weightedAverageShsOut": 647100000,
    "weightedAverageShsOutDil": 650000000
  },
  {
    "date": "2005-06-02",
    "symbol": "MU",
    "reportedCurrency": "USD",
    "cik": "0000723125",
    "filingDate": "2005-07-07",
    "acceptedDate": "2005-07-07 16:33:10",
    "fiscalYear": "2005",
    "period": "Q3",
    "revenue": 1054200000,
    "costOfRevenue": 967600000,
    "grossProfit": 86600000,
    "researchAndDevelopmentExpenses": 153400000,
    "generalAndAdministrativeExpenses": 0,
    "sellingAndMarketingExpenses": 0,
    "sellingGeneralAndAdministrativeExpenses": 88600000,
    "otherExpenses": -25300000,
    "operatingExpenses": 216700000,
    "costAndExpenses": 1184300000,
    "netInterestIncome": 0,
    "interestIncome": 0,
    "interestExpense": 0,
    "depreciationAndAmortization": 318700000,
    "ebitda": 188500000,
    "ebit": -130100000,
    "nonOperatingIncomeExcludingInterest": 0,
    "operatingIncome": -130100000,
    "totalOtherIncomeExpensesNet": -5100000,
    "incomeBeforeTax": -135200000,
    "incomeTaxExpense": -7300000,
    "netIncomeFromContinuingOperations": -127900000,
    "netIncomeFromDiscontinuedOperations": 0,
    "otherAdjustmentsToNetIncome": 0,
    "netIncome": -127900000,
    "netIncomeDeductions": 0,
    "bottomLineNetIncome": -127900000,
    "eps": -0.2,
    "epsDiluted": -0.2,
    "weightedAverageShsOut": 648200000,
    "weightedAverageShsOutDil": 648200000
  },
  {
    "date": "2005-03-03",
    "symbol": "MU",
    "reportedCurrency": "USD",
    "cik": "0000723125",
    "filingDate": "2005-04-12",
    "acceptedDate": "2005-04-12 16:27:06",
    "fiscalYear": "2005",
    "period": "Q2",
    "revenue": 1307900000,
    "costOfRevenue": 953900000,
    "grossProfit": 354000000,
    "researchAndDevelopmentExpenses": 151400000,
    "generalAndAdministrativeExpenses": 0,
    "sellingAndMarketingExpenses": 0,
    "sellingGeneralAndAdministrativeExpenses": 84900000,
    "otherExpenses": -8800000,
    "operatingExpenses": 227500000,
    "costAndExpenses": 1181400000,
    "netInterestIncome": 0,
    "interestIncome": 0,
    "interestExpense": 0,
    "depreciationAndAmortization": 317200000,
    "ebitda": 443300000,
    "ebit": 126000000,
    "nonOperatingIncomeExcludingInterest": 0,
    "operatingIncome": 126400000,
    "totalOtherIncomeExpensesNet": -4000000,
    "incomeBeforeTax": 121500000,
    "incomeTaxExpense": 3600000,
    "netIncomeFromContinuingOperations": 118000000,
    "netIncomeFromDiscontinuedOperations": 0,
    "otherAdjustmentsToNetIncome": 0,
    "netIncome": 117900000,
    "netIncomeDeductions": 0,
    "bottomLineNetIncome": 118000000,
    "eps": 0.18,
    "epsDiluted": 0.17,
    "weightedAverageShsOut": 647100000,
    "weightedAverageShsOutDil": 701300000
  },
  {
    "date": "2004-12-02",
    "symbol": "MU",
    "reportedCurrency": "USD",
    "cik": "0000723125",
    "filingDate": "2005-01-11",
    "acceptedDate": "2005-01-11 16:31:43",
    "fiscalYear": "2005",
    "period": "Q1",
    "revenue": 1260300000,
    "costOfRevenue": 837300000,
    "grossProfit": 423000000,
    "researchAndDevelopmentExpenses": 148400000,
    "generalAndAdministrativeExpenses": 0,
    "sellingAndMarketingExpenses": 0,
    "sellingGeneralAndAdministrativeExpenses": 101200000,
    "otherExpenses": 0,
    "operatingExpenses": 249600000,
    "costAndExpenses": 1086900000,
    "netInterestIncome": 0,
    "interestIncome": 0,
    "interestExpense": 0,
    "depreciationAndAmortization": 313700000,
    "ebitda": 174900000,
    "ebit": 174900000,
    "nonOperatingIncomeExcludingInterest": 0,
    "operatingIncome": 174900000,
    "totalOtherIncomeExpensesNet": -5800000,
    "incomeBeforeTax": 169100000,
    "incomeTaxExpense": 14200000,
    "netIncomeFromContinuingOperations": 154900000,
    "netIncomeFromDiscontinuedOperations": 0,
    "otherAdjustmentsToNetIncome": 0,
    "netIncome": 154900000,
    "netIncomeDeductions": 0,
    "bottomLineNetIncome": 154900000,
    "eps": 0.24,
    "epsDiluted": 0.23,
    "weightedAverageShsOut": 646000000,
    "weightedAverageShsOutDil": 700500000
  },
  {
    "date": "2004-09-02",
    "symbol": "MU",
    "reportedCurrency": "USD",
    "cik": "0000723125",
    "filingDate": "2004-10-15",
    "acceptedDate": "2004-10-15 15:19:05",
    "fiscalYear": "2004",
    "period": "Q4",
    "revenue": 1189200000,
    "costOfRevenue": 796600000,
    "grossProfit": 392600000,
    "researchAndDevelopmentExpenses": 199200000,
    "generalAndAdministrativeExpenses": 0,
    "sellingAndMarketingExpenses": 0,
    "sellingGeneralAndAdministrativeExpenses": 75300000,
    "otherExpenses": -6700000,
    "operatingExpenses": 267800000,
    "costAndExpenses": 1064400000,
    "netInterestIncome": 0,
    "interestIncome": 0,
    "interestExpense": 0,
    "depreciationAndAmortization": 309300000,
    "ebitda": 434100000,
    "ebit": 124800000,
    "nonOperatingIncomeExcludingInterest": 600000,
    "operatingIncome": 125400000,
    "totalOtherIncomeExpensesNet": -4100000,
    "incomeBeforeTax": 121300000,
    "incomeTaxExpense": 27800000,
    "netIncomeFromContinuingOperations": 93500000,
    "netIncomeFromDiscontinuedOperations": 0,
    "otherAdjustmentsToNetIncome": 0,
    "netIncome": 93500000,
    "netIncomeDeductions": 0,
    "bottomLineNetIncome": 93500000,
    "eps": 0.13,
    "epsDiluted": 0.13,
    "weightedAverageShsOut": 701400000,
    "weightedAverageShsOutDil": 701400000
  },
  {
    "date": "2004-06-03",
    "symbol": "MU",
    "reportedCurrency": "USD",
    "cik": "0000723125",
    "filingDate": "2004-07-19",
    "acceptedDate": "2004-07-19 12:55:51",
    "fiscalYear": "2004",
    "period": "Q3",
    "revenue": 1116800000,
    "costOfRevenue": 728900000,
    "grossProfit": 387900000,
    "researchAndDevelopmentExpenses": 181400000,
    "generalAndAdministrativeExpenses": 0,
    "sellingAndMarketingExpenses": 0,
    "sellingGeneralAndAdministrativeExpenses": 94300000,
    "otherExpenses": 3200000,
    "operatingExpenses": 278900000,
    "costAndExpenses": 1007800000,
    "netInterestIncome": 0,
    "interestIncome": 0,
    "interestExpense": 0,
    "depreciationAndAmortization": 300100000,
    "ebitda": 409100000,
    "ebit": 109000000,
    "nonOperatingIncomeExcludingInterest": 700000,
    "operatingIncome": 109700000,
    "totalOtherIncomeExpensesNet": -4800000,
    "incomeBeforeTax": 104900000,
    "incomeTaxExpense": 14000000,
    "netIncomeFromContinuingOperations": 90900000,
    "netIncomeFromDiscontinuedOperations": 0,
    "otherAdjustmentsToNetIncome": 0,
    "netIncome": 90900000,
    "netIncomeDeductions": 0,
    "bottomLineNetIncome": 90900000,
    "eps": 0.14,
    "epsDiluted": 0.13,
    "weightedAverageShsOut": 644200000,
    "weightedAverageShsOutDil": 705400000
  },
  {
    "date": "2004-03-04",
    "symbol": "MU",
    "reportedCurrency": "USD",
    "cik": "0000723125",
    "filingDate": "2004-04-19",
    "acceptedDate": "2004-04-19 16:46:46",
    "fiscalYear": "2004",
    "period": "Q2",
    "revenue": 991000000,
    "costOfRevenue": 742800000,
    "grossProfit": 248200000,
    "researchAndDevelopmentExpenses": 187900000,
    "generalAndAdministrativeExpenses": 0,
    "sellingAndMarketingExpenses": 0,
    "sellingGeneralAndAdministrativeExpenses": 81800000,
    "otherExpenses": -14300000,
    "operatingExpenses": 255400000,
    "costAndExpenses": 998200000,
    "netInterestIncome": 0,
    "interestIncome": 0,
    "interestExpense": 0,
    "depreciationAndAmortization": 295600000,
    "ebitda": 288400000,
    "ebit": -7200000,
    "nonOperatingIncomeExcludingInterest": 100000,
    "operatingIncome": -7100000,
    "totalOtherIncomeExpensesNet": -3700000,
    "incomeBeforeTax": -10800000,
    "incomeTaxExpense": 17500000,
    "netIncomeFromContinuingOperations": -28300000,
    "netIncomeFromDiscontinuedOperations": 0,
    "otherAdjustmentsToNetIncome": 0,
    "netIncome": -28300000,
    "netIncomeDeductions": 0,
    "bottomLineNetIncome": -28300000,
    "eps": -0.044,
    "epsDiluted": -0.044,
    "weightedAverageShsOut": 643200000,
    "weightedAverageShsOutDil": 643200000
  },
  {
    "date": "2003-12-04",
    "symbol": "MU",
    "reportedCurrency": "USD",
    "cik": "0000723125",
    "filingDate": "2004-01-15",
    "acceptedDate": "2004-01-15 17:13:30",
    "fiscalYear": "2004",
    "period": "Q1",
    "revenue": 1107200000,
    "costOfRevenue": 821200000,
    "grossProfit": 286000000,
    "researchAndDevelopmentExpenses": 186400000,
    "generalAndAdministrativeExpenses": 0,
    "sellingAndMarketingExpenses": 0,
    "sellingGeneralAndAdministrativeExpenses": 99000000,
    "otherExpenses": 0,
    "operatingExpenses": 285400000,
    "costAndExpenses": 1106600000,
    "netInterestIncome": 0,
    "interestIncome": 0,
    "interestExpense": 0,
    "depreciationAndAmortization": 312500000,
    "ebitda": 313100000,
    "ebit": 600000,
    "nonOperatingIncomeExcludingInterest": 21100000,
    "operatingIncome": 21700000,
    "totalOtherIncomeExpensesNet": -5100000,
    "incomeBeforeTax": 16600000,
    "incomeTaxExpense": 15500000,
    "netIncomeFromContinuingOperations": 1100000,
    "netIncomeFromDiscontinuedOperations": 0,
    "otherAdjustmentsToNetIncome": 0,
    "netIncome": 1100000,
    "netIncomeDeductions": 0,
    "bottomLineNetIncome": 1100000,
    "eps": 0.0017,
    "epsDiluted": 0.0017,
    "weightedAverageShsOut": 633800000,
    "weightedAverageShsOutDil": 636600000
  },
  {
    "date": "2003-08-28",
    "symbol": "MU",
    "reportedCurrency": "USD",
    "cik": "0000723125",
    "filingDate": "2003-10-15",
    "acceptedDate": "2003-10-15 17:05:43",
    "fiscalYear": "2003",
    "period": "Q4",
    "revenue": 888500000,
    "costOfRevenue": 719000000,
    "grossProfit": 169500000,
    "researchAndDevelopmentExpenses": 166100000,
    "generalAndAdministrativeExpenses": 0,
    "sellingAndMarketingExpenses": 0,
    "sellingGeneralAndAdministrativeExpenses": 124200000,
    "otherExpenses": -21900000,
    "operatingExpenses": 268400000,
    "costAndExpenses": 987400000,
    "netInterestIncome": 0,
    "interestIncome": 0,
    "interestExpense": 0,
    "depreciationAndAmortization": 298800000,
    "ebitda": 199900000,
    "ebit": -98900000,
    "nonOperatingIncomeExcludingInterest": -6700000,
    "operatingIncome": -105600000,
    "totalOtherIncomeExpensesNet": -7500000,
    "incomeBeforeTax": -113100000,
    "incomeTaxExpense": 10100000,
    "netIncomeFromContinuingOperations": -123200000,
    "netIncomeFromDiscontinuedOperations": 0,
    "otherAdjustmentsToNetIncome": 0,
    "netIncome": -123200000,
    "netIncomeDeductions": 0,
    "bottomLineNetIncome": -123200000,
    "eps": -0.2,
    "epsDiluted": -0.2,
    "weightedAverageShsOut": 609300000,
    "weightedAverageShsOutDil": 609500000
  },
  {
    "date": "2003-05-29",
    "symbol": "MU",
    "reportedCurrency": "USD",
    "cik": "0000723125",
    "filingDate": "2003-07-11",
    "acceptedDate": "2003-07-11 16:37:31",
    "fiscalYear": "2003",
    "period": "Q3",
    "revenue": 732700000,
    "costOfRevenue": 661700000,
    "grossProfit": 71000000,
    "researchAndDevelopmentExpenses": 161700000,
    "generalAndAdministrativeExpenses": 0,
    "sellingAndMarketingExpenses": 0,
    "sellingGeneralAndAdministrativeExpenses": 87200000,
    "otherExpenses": 11200000,
    "operatingExpenses": 260100000,
    "costAndExpenses": 921800000,
    "netInterestIncome": 0,
    "interestIncome": 0,
    "interestExpense": 0,
    "depreciationAndAmortization": 301000000,
    "ebitda": 111900000,
    "ebit": -189100000,
    "nonOperatingIncomeExcludingInterest": 11200000,
    "operatingIncome": -183700000,
    "totalOtherIncomeExpensesNet": -13100000,
    "incomeBeforeTax": -191000000,
    "incomeTaxExpense": 23900000,
    "netIncomeFromContinuingOperations": -214900000,
    "netIncomeFromDiscontinuedOperations": 0,
    "otherAdjustmentsToNetIncome": 0,
    "netIncome": -214900000,
    "netIncomeDeductions": 0,
    "bottomLineNetIncome": -214900000,
    "eps": -0.35,
    "epsDiluted": -0.35,
    "weightedAverageShsOut": 608300000,
    "weightedAverageShsOutDil": 608300000
  },
  {
    "date": "2003-02-27",
    "symbol": "MU",
    "reportedCurrency": "USD",
    "cik": "0000723125",
    "filingDate": "2003-04-14",
    "acceptedDate": "2003-04-14 16:42:13",
    "fiscalYear": "2003",
    "period": "Q2",
    "revenue": 785000000,
    "costOfRevenue": 1008900000,
    "grossProfit": -223900000,
    "researchAndDevelopmentExpenses": 174100000,
    "generalAndAdministrativeExpenses": 0,
    "sellingAndMarketingExpenses": 0,
    "sellingGeneralAndAdministrativeExpenses": 92400000,
    "otherExpenses": 110200000,
    "operatingExpenses": 376700000,
    "costAndExpenses": 1385600000,
    "netInterestIncome": 0,
    "interestIncome": 0,
    "interestExpense": 0,
    "depreciationAndAmortization": 310200000,
    "ebitda": -290400000,
    "ebit": -600600000,
    "nonOperatingIncomeExcludingInterest": 110200000,
    "operatingIncome": -600600000,
    "totalOtherIncomeExpensesNet": -111200000,
    "incomeBeforeTax": -601600000,
    "incomeTaxExpense": 17600000,
    "netIncomeFromContinuingOperations": -619200000,
    "netIncomeFromDiscontinuedOperations": 0,
    "otherAdjustmentsToNetIncome": 0,
    "netIncome": -619200000,
    "netIncomeDeductions": 0,
    "bottomLineNetIncome": -619200000,
    "eps": -1.02,
    "epsDiluted": -1.02,
    "weightedAverageShsOut": 607200000,
    "weightedAverageShsOutDil": 607200000
  },
  {
    "date": "2002-11-28",
    "symbol": "MU",
    "reportedCurrency": "USD",
    "cik": "0000723125",
    "filingDate": "2003-01-13",
    "acceptedDate": "2003-01-13 16:16:24",
    "fiscalYear": "2003",
    "period": "Q1",
    "revenue": 685100000,
    "costOfRevenue": 722400000,
    "grossProfit": -37300000,
    "researchAndDevelopmentExpenses": 154500000,
    "generalAndAdministrativeExpenses": 0,
    "sellingAndMarketingExpenses": 0,
    "sellingGeneralAndAdministrativeExpenses": 104800000,
    "otherExpenses": 0,
    "operatingExpenses": 259300000,
    "costAndExpenses": 981700000,
    "netInterestIncome": 0,
    "interestIncome": 0,
    "interestExpense": 0,
    "depreciationAndAmortization": 299900000,
    "ebitda": 3300000,
    "ebit": -296600000,
    "nonOperatingIncomeExcludingInterest": 0,
    "operatingIncome": -296600000,
    "totalOtherIncomeExpensesNet": 2100000,
    "incomeBeforeTax": -294500000,
    "incomeTaxExpense": 21400000,
    "netIncomeFromContinuingOperations": -315900000,
    "netIncomeFromDiscontinuedOperations": 0,
    "otherAdjustmentsToNetIncome": 0,
    "netIncome": -315900000,
    "netIncomeDeductions": 0,
    "bottomLineNetIncome": -315900000,
    "eps": -0.52,
    "epsDiluted": -0.52,
    "weightedAverageShsOut": 605200000,
    "weightedAverageShsOutDil": 605200000
  },
  {
    "date": "2002-08-29",
    "symbol": "MU",
    "reportedCurrency": "USD",
    "cik": "0000723125",
    "filingDate": "2002-10-15",
    "acceptedDate": "2002-10-15 16:18:29",
    "fiscalYear": "2002",
    "period": "Q4",
    "revenue": 748000000,
    "costOfRevenue": 957200000,
    "grossProfit": -209200000,
    "researchAndDevelopmentExpenses": 136500000,
    "generalAndAdministrativeExpenses": 0,
    "sellingAndMarketingExpenses": 0,
    "sellingGeneralAndAdministrativeExpenses": 95900000,
    "otherExpenses": 26000000,
    "operatingExpenses": 258400000,
    "costAndExpenses": 1215600000,
    "netInterestIncome": 0,
    "interestIncome": 0,
    "interestExpense": 0,
    "depreciationAndAmortization": 295500000,
    "ebitda": -172100000,
    "ebit": -467600000,
    "nonOperatingIncomeExcludingInterest": 0,
    "operatingIncome": -467600000,
    "totalOtherIncomeExpensesNet": 3200000,
    "incomeBeforeTax": -464400000,
    "incomeTaxExpense": 122100000,
    "netIncomeFromContinuingOperations": -586500000,
    "netIncomeFromDiscontinuedOperations": 0,
    "otherAdjustmentsToNetIncome": 0,
    "netIncome": -586500000,
    "netIncomeDeductions": 0,
    "bottomLineNetIncome": -586500000,
    "eps": -0.97,
    "epsDiluted": -0.97,
    "weightedAverageShsOut": 603900000,
    "weightedAverageShsOutDil": 604000000
  },
  {
    "date": "2002-05-30",
    "symbol": "MU",
    "reportedCurrency": "USD",
    "cik": "0000723125",
    "filingDate": "2002-06-28",
    "acceptedDate": "2002-06-28 16:08:13",
    "fiscalYear": "2002",
    "period": "Q3",
    "revenue": 771200000,
    "costOfRevenue": 603000000,
    "grossProfit": 168200000,
    "researchAndDevelopmentExpenses": 134400000,
    "generalAndAdministrativeExpenses": 0,
    "sellingAndMarketingExpenses": 0,
    "sellingGeneralAndAdministrativeExpenses": 77200000,
    "otherExpenses": 3300000,
    "operatingExpenses": 214900000,
    "costAndExpenses": 817900000,
    "netInterestIncome": 0,
    "interestIncome": 0,
    "interestExpense": 0,
    "depreciationAndAmortization": 293400000,
    "ebitda": 246700000,
    "ebit": -46700000,
    "nonOperatingIncomeExcludingInterest": 0,
    "operatingIncome": -46700000,
    "totalOtherIncomeExpensesNet": 6400000,
    "incomeBeforeTax": -40300000,
    "incomeTaxExpense": -16100000,
    "netIncomeFromContinuingOperations": -24200000,
    "netIncomeFromDiscontinuedOperations": 0,
    "otherAdjustmentsToNetIncome": 0,
    "netIncome": -24200000,
    "netIncomeDeductions": 0,
    "bottomLineNetIncome": -24200000,
    "eps": -0.0402,
    "epsDiluted": -0.0402,
    "weightedAverageShsOut": 602300000,
    "weightedAverageShsOutDil": 602300000
  },
  {
    "date": "2002-02-28",
    "symbol": "MU",
    "reportedCurrency": "USD",
    "cik": "0000723125",
    "filingDate": "2002-04-11",
    "acceptedDate": "2002-04-11 00:00:00",
    "fiscalYear": "2002",
    "period": "Q2",
    "revenue": 645900000,
    "costOfRevenue": 502900000,
    "grossProfit": 143000000,
    "researchAndDevelopmentExpenses": 135900000,
    "generalAndAdministrativeExpenses": 0,
    "sellingAndMarketingExpenses": 0,
    "sellingGeneralAndAdministrativeExpenses": 79300000,
    "otherExpenses": -13200000,
    "operatingExpenses": 202000000,
    "costAndExpenses": 704900000,
    "netInterestIncome": 0,
    "interestIncome": 0,
    "interestExpense": 0,
    "depreciationAndAmortization": 290900000,
    "ebitda": 231900000,
    "ebit": -59000000,
    "nonOperatingIncomeExcludingInterest": 0,
    "operatingIncome": -59000000,
    "totalOtherIncomeExpensesNet": 8300000,
    "incomeBeforeTax": -50700000,
    "incomeTaxExpense": -20300000,
    "netIncomeFromContinuingOperations": -30400000,
    "netIncomeFromDiscontinuedOperations": 0,
    "otherAdjustmentsToNetIncome": 0,
    "netIncome": -30400000,
    "netIncomeDeductions": 0,
    "bottomLineNetIncome": -30400000,
    "eps": -0.0506,
    "epsDiluted": -0.0506,
    "weightedAverageShsOut": 600500000,
    "weightedAverageShsOutDil": 600500000
  },
  {
    "date": "2001-11-29",
    "symbol": "MU",
    "reportedCurrency": "USD",
    "cik": "0000723125",
    "filingDate": "2002-01-14",
    "acceptedDate": "2002-01-14 00:00:00",
    "fiscalYear": "2002",
    "period": "Q1",
    "revenue": 423900000,
    "costOfRevenue": 636500000,
    "grossProfit": -212600000,
    "researchAndDevelopmentExpenses": 154500000,
    "generalAndAdministrativeExpenses": 0,
    "sellingAndMarketingExpenses": 0,
    "sellingGeneralAndAdministrativeExpenses": 84900000,
    "otherExpenses": 0,
    "operatingExpenses": 239400000,
    "costAndExpenses": 875900000,
    "netInterestIncome": 0,
    "interestIncome": 0,
    "interestExpense": 0,
    "depreciationAndAmortization": 297600000,
    "ebitda": -154400000,
    "ebit": -452000000,
    "nonOperatingIncomeExcludingInterest": 0,
    "operatingIncome": -452000000,
    "totalOtherIncomeExpensesNet": 8900000,
    "incomeBeforeTax": -443100000,
    "incomeTaxExpense": -177200000,
    "netIncomeFromContinuingOperations": -265900000,
    "netIncomeFromDiscontinuedOperations": 0,
    "otherAdjustmentsToNetIncome": 0,
    "netIncome": -265900000,
    "netIncomeDeductions": 0,
    "bottomLineNetIncome": -265900000,
    "eps": -0.44,
    "epsDiluted": -0.44,
    "weightedAverageShsOut": 599200000,
    "weightedAverageShsOutDil": 599200000
  },
  {
    "date": "2001-08-30",
    "symbol": "MU",
    "reportedCurrency": "USD",
    "cik": "0000723125",
    "filingDate": "2001-10-15",
    "acceptedDate": "2001-10-15 00:00:00",
    "fiscalYear": "2001",
    "period": "Q4",
    "revenue": 480300000,
    "costOfRevenue": 1099400000,
    "grossProfit": -619100000,
    "researchAndDevelopmentExpenses": 105100000,
    "generalAndAdministrativeExpenses": 0,
    "sellingAndMarketingExpenses": 0,
    "sellingGeneralAndAdministrativeExpenses": 204400000,
    "otherExpenses": 73600000,
    "operatingExpenses": 383100000,
    "costAndExpenses": 1482500000,
    "netInterestIncome": 0,
    "interestIncome": 0,
    "interestExpense": 0,
    "depreciationAndAmortization": 295200000,
    "ebitda": -707000000,
    "ebit": -1002200000,
    "nonOperatingIncomeExcludingInterest": 73600000,
    "operatingIncome": -928600000,
    "totalOtherIncomeExpensesNet": -91500000,
    "incomeBeforeTax": -1020100000,
    "incomeTaxExpense": -445200000,
    "netIncomeFromContinuingOperations": -575500000,
    "netIncomeFromDiscontinuedOperations": 0,
    "otherAdjustmentsToNetIncome": 0,
    "netIncome": -575500000,
    "netIncomeDeductions": 0,
    "bottomLineNetIncome": -575500000,
    "eps": -0.96,
    "epsDiluted": -0.96,
    "weightedAverageShsOut": 597500000,
    "weightedAverageShsOutDil": 597700000
  },
  {
    "date": "2001-05-31",
    "symbol": "MU",
    "reportedCurrency": "USD",
    "cik": "0000723125",
    "filingDate": "2001-07-10",
    "acceptedDate": "2001-07-10 00:00:00",
    "fiscalYear": "2001",
    "period": "Q3",
    "revenue": 818300000,
    "costOfRevenue": 1126700000,
    "grossProfit": -308400000,
    "researchAndDevelopmentExpenses": 114500000,
    "generalAndAdministrativeExpenses": 0,
    "sellingAndMarketingExpenses": 0,
    "sellingGeneralAndAdministrativeExpenses": 104300000,
    "otherExpenses": 0,
    "operatingExpenses": 218800000,
    "costAndExpenses": 1345500000,
    "netInterestIncome": 0,
    "interestIncome": 0,
    "interestExpense": 0,
    "depreciationAndAmortization": 278800000,
    "ebitda": -248400000,
    "ebit": -527200000,
    "nonOperatingIncomeExcludingInterest": 0,
    "operatingIncome": -527200000,
    "totalOtherIncomeExpensesNet": 27500000,
    "incomeBeforeTax": -499700000,
    "incomeTaxExpense": -195500000,
    "netIncomeFromContinuingOperations": -301100000,
    "netIncomeFromDiscontinuedOperations": -12300000,
    "otherAdjustmentsToNetIncome": -3100000,
    "netIncome": -313400000,
    "netIncomeDeductions": 0,
    "bottomLineNetIncome": -313400000,
    "eps": -0.53,
    "epsDiluted": -0.53,
    "weightedAverageShsOut": 596300000,
    "weightedAverageShsOutDil": 596300000
  },
  {
    "date": "2001-03-01",
    "symbol": "MU",
    "reportedCurrency": "USD",
    "cik": "0000723125",
    "filingDate": "2001-04-16",
    "acceptedDate": "2001-04-16 00:00:00",
    "fiscalYear": "2001",
    "period": "Q2",
    "revenue": 1065700000,
    "costOfRevenue": 866800000,
    "grossProfit": 198900000,
    "researchAndDevelopmentExpenses": 130900000,
    "generalAndAdministrativeExpenses": 0,
    "sellingAndMarketingExpenses": 0,
    "sellingGeneralAndAdministrativeExpenses": 109000000,
    "otherExpenses": 0,
    "operatingExpenses": 239900000,
    "costAndExpenses": 1106700000,
    "netInterestIncome": 0,
    "interestIncome": 0,
    "interestExpense": 0,
    "depreciationAndAmortization": 265900000,
    "ebitda": 231200000,
    "ebit": -41000000,
    "nonOperatingIncomeExcludingInterest": 0,
    "operatingIncome": -41000000,
    "totalOtherIncomeExpensesNet": 39700000,
    "incomeBeforeTax": -1300000,
    "incomeTaxExpense": -1300000,
    "netIncomeFromContinuingOperations": -4100000,
    "netIncomeFromDiscontinuedOperations": -84200000,
    "otherAdjustmentsToNetIncome": 4100000,
    "netIncome": -88300000,
    "netIncomeDeductions": 0,
    "bottomLineNetIncome": -88300000,
    "eps": -0.15,
    "epsDiluted": -0.15,
    "weightedAverageShsOut": 593800000,
    "weightedAverageShsOutDil": 593800000
  },
  {
    "date": "2000-11-30",
    "symbol": "MU",
    "reportedCurrency": "USD",
    "cik": "0000723125",
    "filingDate": "2001-01-12",
    "acceptedDate": "2001-01-12 00:00:00",
    "fiscalYear": "2001",
    "period": "Q1",
    "revenue": 1832300000,
    "costOfRevenue": 1041000000,
    "grossProfit": 791300000,
    "researchAndDevelopmentExpenses": 139500000,
    "generalAndAdministrativeExpenses": 0,
    "sellingAndMarketingExpenses": 0,
    "sellingGeneralAndAdministrativeExpenses": 149600000,
    "otherExpenses": -1800000,
    "operatingExpenses": 287300000,
    "costAndExpenses": 1328300000,
    "netInterestIncome": 0,
    "interestIncome": 0,
    "interestExpense": 0,
    "depreciationAndAmortization": 274500000,
    "ebitda": 788500000,
    "ebit": 520300000,
    "nonOperatingIncomeExcludingInterest": 0,
    "operatingIncome": 504000000,
    "totalOtherIncomeExpensesNet": 41300000,
    "incomeBeforeTax": 542800000,
    "incomeTaxExpense": 189900000,
    "netIncomeFromContinuingOperations": 359500000,
    "netIncomeFromDiscontinuedOperations": -7300000,
    "otherAdjustmentsToNetIncome": 6100000,
    "netIncome": 352200000,
    "netIncomeDeductions": 0,
    "bottomLineNetIncome": 352200000,
    "eps": 0.61,
    "epsDiluted": 0.58,
    "weightedAverageShsOut": 581900000,
    "weightedAverageShsOutDil": 609400000
  },
  {
    "date": "2000-08-31",
    "symbol": "MU",
    "reportedCurrency": "USD",
    "cik": "0000723125",
    "filingDate": "2000-08-31",
    "acceptedDate": "2000-08-30 20:00:00",
    "fiscalYear": "2000",
    "period": "Q4",
    "revenue": 2570200000,
    "costOfRevenue": 1159400000,
    "grossProfit": 1410800000,
    "researchAndDevelopmentExpenses": 131700000,
    "generalAndAdministrativeExpenses": 0,
    "sellingAndMarketingExpenses": 0,
    "sellingGeneralAndAdministrativeExpenses": 181300000,
    "otherExpenses": 0,
    "operatingExpenses": 313000000,
    "costAndExpenses": 1472400000,
    "netInterestIncome": 0,
    "interestIncome": 0,
    "interestExpense": 0,
    "depreciationAndAmortization": 267600000,
    "ebitda": 1365400000,
    "ebit": 1097800000,
    "nonOperatingIncomeExcludingInterest": 0,
    "operatingIncome": 1097800000,
    "totalOtherIncomeExpensesNet": 12900000,
    "incomeBeforeTax": 1110700000,
    "incomeTaxExpense": 375000000,
    "netIncomeFromContinuingOperations": 726700000,
    "netIncomeFromDiscontinuedOperations": 0,
    "otherAdjustmentsToNetIncome": 0,
    "netIncome": 726700000,
    "netIncomeDeductions": 0,
    "bottomLineNetIncome": 726700000,
    "eps": 1.28,
    "epsDiluted": 1.19,
    "weightedAverageShsOut": 590500000,
    "weightedAverageShsOutDil": 642600000
  },
  {
    "date": "2000-07-31",
    "symbol": "MU",
    "reportedCurrency": "USD",
    "cik": "0000723125",
    "filingDate": "2000-10-18",
    "acceptedDate": "2000-10-18 00:00:00",
    "fiscalYear": "2000",
    "period": "Q3",
    "revenue": 1789200000,
    "costOfRevenue": 1104600000,
    "grossProfit": 684600000,
    "researchAndDevelopmentExpenses": 100600000,
    "generalAndAdministrativeExpenses": 0,
    "sellingAndMarketingExpenses": 0,
    "sellingGeneralAndAdministrativeExpenses": 174900000,
    "otherExpenses": 0,
    "operatingExpenses": 275500000,
    "costAndExpenses": 1380100000,
    "netInterestIncome": 0,
    "interestIncome": 0,
    "interestExpense": 0,
    "depreciationAndAmortization": 255200000,
    "ebitda": 693200000,
    "ebit": 443100000,
    "nonOperatingIncomeExcludingInterest": -34000000,
    "operatingIncome": 409100000,
    "totalOtherIncomeExpensesNet": 41100000,
    "incomeBeforeTax": 423200000,
    "incomeTaxExpense": 149100000,
    "netIncomeFromContinuingOperations": 289900000,
    "netIncomeFromDiscontinuedOperations": -15000000,
    "otherAdjustmentsToNetIncome": 9300000,
    "netIncome": 274900000,
    "netIncomeDeductions": 0,
    "bottomLineNetIncome": 274900000,
    "eps": 0.5,
    "epsDiluted": 0.48,
    "weightedAverageShsOut": 551000000,
    "weightedAverageShsOutDil": 597300000
  },
  {
    "date": "2000-03-02",
    "symbol": "MU",
    "reportedCurrency": "USD",
    "cik": "0000723125",
    "filingDate": "2000-04-10",
    "acceptedDate": "2000-04-10 00:00:00",
    "fiscalYear": "2000",
    "period": "Q2",
    "revenue": 1392500000,
    "costOfRevenue": 891900000,
    "grossProfit": 500600000,
    "researchAndDevelopmentExpenses": 103500000,
    "generalAndAdministrativeExpenses": 0,
    "sellingAndMarketingExpenses": 0,
    "sellingGeneralAndAdministrativeExpenses": 142700000,
    "otherExpenses": 0,
    "operatingExpenses": 246200000,
    "costAndExpenses": 1138100000,
    "netInterestIncome": 0,
    "interestIncome": 0,
    "interestExpense": 0,
    "depreciationAndAmortization": 242000000,
    "ebitda": 514100000,
    "ebit": 272100000,
    "nonOperatingIncomeExcludingInterest": -17700000,
    "operatingIncome": 254400000,
    "totalOtherIncomeExpensesNet": 7300000,
    "incomeBeforeTax": 250000000,
    "incomeTaxExpense": 86400000,
    "netIncomeFromContinuingOperations": 168800000,
    "netIncomeFromDiscontinuedOperations": 0,
    "otherAdjustmentsToNetIncome": 0,
    "netIncome": 161300000,
    "netIncomeDeductions": 0,
    "bottomLineNetIncome": 161300000,
    "eps": 0.3,
    "epsDiluted": 0.29,
    "weightedAverageShsOut": 540800000,
    "weightedAverageShsOutDil": 557200000
  },
  {
    "date": "1999-12-02",
    "symbol": "MU",
    "reportedCurrency": "USD",
    "cik": "0000723125",
    "filingDate": "2000-01-14",
    "acceptedDate": "2000-01-14 00:00:00",
    "fiscalYear": "2000",
    "period": "Q1",
    "revenue": 1584400000,
    "costOfRevenue": 793100000,
    "grossProfit": 791300000,
    "researchAndDevelopmentExpenses": 91700000,
    "generalAndAdministrativeExpenses": 0,
    "sellingAndMarketingExpenses": 0,
    "sellingGeneralAndAdministrativeExpenses": 167600000,
    "otherExpenses": -1100000,
    "operatingExpenses": 258200000,
    "costAndExpenses": 1051300000,
    "netInterestIncome": 0,
    "interestIncome": 0,
    "interestExpense": 0,
    "depreciationAndAmortization": 229500000,
    "ebitda": 762600000,
    "ebit": 533100000,
    "nonOperatingIncomeExcludingInterest": 0,
    "operatingIncome": 533100000,
    "totalOtherIncomeExpensesNet": 0,
    "incomeBeforeTax": 533100000,
    "incomeTaxExpense": 186200000,
    "netIncomeFromContinuingOperations": 341300000,
    "netIncomeFromDiscontinuedOperations": 0,
    "otherAdjustmentsToNetIncome": 0,
    "netIncome": 341300000,
    "netIncomeDeductions": 0,
    "bottomLineNetIncome": 341300000,
    "eps": 0.64,
    "epsDiluted": 0.6,
    "weightedAverageShsOut": 538400000,
    "weightedAverageShsOutDil": 594800000
  },
  {
    "date": "1999-09-02",
    "symbol": "MU",
    "reportedCurrency": "USD",
    "cik": "0000723125",
    "filingDate": "1999-11-09",
    "acceptedDate": "1999-11-09 00:00:00",
    "fiscalYear": "1999",
    "period": "Q4",
    "revenue": 1080800000,
    "costOfRevenue": 868000000,
    "grossProfit": 212800000,
    "researchAndDevelopmentExpenses": 87400000,
    "generalAndAdministrativeExpenses": 0,
    "sellingAndMarketingExpenses": 0,
    "sellingGeneralAndAdministrativeExpenses": 133300000,
    "otherExpenses": 0,
    "operatingExpenses": 220700000,
    "costAndExpenses": 1088700000,
    "netInterestIncome": 0,
    "interestIncome": 0,
    "interestExpense": 0,
    "depreciationAndAmortization": 230400000,
    "ebitda": 222500000,
    "ebit": -7900000,
    "nonOperatingIncomeExcludingInterest": 0,
    "operatingIncome": -7900000,
    "totalOtherIncomeExpensesNet": -12000000,
    "incomeBeforeTax": -19900000,
    "incomeTaxExpense": -7500000,
    "netIncomeFromContinuingOperations": -17500000,
    "netIncomeFromDiscontinuedOperations": 0,
    "otherAdjustmentsToNetIncome": 0,
    "netIncome": -17500000,
    "netIncomeDeductions": 0,
    "bottomLineNetIncome": -17500000,
    "eps": -0.0328,
    "epsDiluted": -0.0328,
    "weightedAverageShsOut": 533000000,
    "weightedAverageShsOutDil": 533000000
  },
  {
    "date": "1999-06-03",
    "symbol": "MU",
    "reportedCurrency": "USD",
    "cik": "0000723125",
    "filingDate": "1999-07-16",
    "acceptedDate": "1999-07-16 00:00:00",
    "fiscalYear": "1999",
    "period": "Q3",
    "revenue": 863800000,
    "costOfRevenue": 685900000,
    "grossProfit": 177900000,
    "researchAndDevelopmentExpenses": 81600000,
    "generalAndAdministrativeExpenses": 0,
    "sellingAndMarketingExpenses": 0,
    "sellingGeneralAndAdministrativeExpenses": 124100000,
    "otherExpenses": 0,
    "operatingExpenses": 205700000,
    "costAndExpenses": 891600000,
    "netInterestIncome": 0,
    "interestIncome": 0,
    "interestExpense": 0,
    "depreciationAndAmortization": 204000000,
    "ebitda": 176200000,
    "ebit": -27800000,
    "nonOperatingIncomeExcludingInterest": 0,
    "operatingIncome": -27800000,
    "totalOtherIncomeExpensesNet": -14400000,
    "incomeBeforeTax": -42200000,
    "incomeTaxExpense": -17100000,
    "netIncomeFromContinuingOperations": -27700000,
    "netIncomeFromDiscontinuedOperations": 0,
    "otherAdjustmentsToNetIncome": 0,
    "netIncome": -27700000,
    "netIncomeDeductions": 0,
    "bottomLineNetIncome": -27700000,
    "eps": -0.052,
    "epsDiluted": -0.052,
    "weightedAverageShsOut": 532600000,
    "weightedAverageShsOutDil": 532600000
  },
  {
    "date": "1999-03-04",
    "symbol": "MU",
    "reportedCurrency": "USD",
    "cik": "0000723125",
    "filingDate": "1999-04-07",
    "acceptedDate": "1999-04-07 00:00:00",
    "fiscalYear": "1999",
    "period": "Q2",
    "revenue": 1025800000,
    "costOfRevenue": 763500000,
    "grossProfit": 262300000,
    "researchAndDevelopmentExpenses": 85500000,
    "generalAndAdministrativeExpenses": 0,
    "sellingAndMarketingExpenses": 0,
    "sellingGeneralAndAdministrativeExpenses": 125500000,
    "otherExpenses": 0,
    "operatingExpenses": 211000000,
    "costAndExpenses": 974500000,
    "netInterestIncome": 0,
    "interestIncome": 0,
    "interestExpense": 0,
    "depreciationAndAmortization": 219400000,
    "ebitda": 270700000,
    "ebit": 51300000,
    "nonOperatingIncomeExcludingInterest": 0,
    "operatingIncome": 51300000,
    "totalOtherIncomeExpensesNet": -67400000,
    "incomeBeforeTax": -16100000,
    "incomeTaxExpense": 16100000,
    "netIncomeFromContinuingOperations": 22400000,
    "netIncomeFromDiscontinuedOperations": 0,
    "otherAdjustmentsToNetIncome": 0,
    "netIncome": 22400000,
    "netIncomeDeductions": 0,
    "bottomLineNetIncome": 22400000,
    "eps": 0.04,
    "epsDiluted": 0.04,
    "weightedAverageShsOut": 528600000,
    "weightedAverageShsOutDil": 545800000
  },
  {
    "date": "1998-12-03",
    "symbol": "MU",
    "reportedCurrency": "USD",
    "cik": "0000723125",
    "filingDate": "1999-01-13",
    "acceptedDate": "1999-01-13 00:00:00",
    "fiscalYear": "1999",
    "period": "Q1",
    "revenue": 793600000,
    "costOfRevenue": 685500000,
    "grossProfit": 108100000,
    "researchAndDevelopmentExpenses": 67700000,
    "generalAndAdministrativeExpenses": 0,
    "sellingAndMarketingExpenses": 0,
    "sellingGeneralAndAdministrativeExpenses": 103000000,
    "otherExpenses": 0,
    "operatingExpenses": 170700000,
    "costAndExpenses": 856200000,
    "netInterestIncome": 0,
    "interestIncome": 0,
    "interestExpense": 0,
    "depreciationAndAmortization": 189500000,
    "ebitda": 126900000,
    "ebit": -62600000,
    "nonOperatingIncomeExcludingInterest": 0,
    "operatingIncome": -62600000,
    "totalOtherIncomeExpensesNet": -6900000,
    "incomeBeforeTax": -69500000,
    "incomeTaxExpense": -27600000,
    "netIncomeFromContinuingOperations": -46200000,
    "netIncomeFromDiscontinuedOperations": 0,
    "otherAdjustmentsToNetIncome": 0,
    "netIncome": -46200000,
    "netIncomeDeductions": 0,
    "bottomLineNetIncome": -46200000,
    "eps": -0.094,
    "epsDiluted": -0.094,
    "weightedAverageShsOut": 491400000,
    "weightedAverageShsOutDil": 491400000
  },
  {
    "date": "1998-09-03",
    "symbol": "MU",
    "reportedCurrency": "USD",
    "cik": "0000723125",
    "filingDate": "1998-11-02",
    "acceptedDate": "1998-11-02 00:00:00",
    "fiscalYear": "1998",
    "period": "Q4",
    "revenue": 691900000,
    "costOfRevenue": 652900000,
    "grossProfit": 39000000,
    "researchAndDevelopmentExpenses": 71800000,
    "generalAndAdministrativeExpenses": 0,
    "sellingAndMarketingExpenses": 0,
    "sellingGeneralAndAdministrativeExpenses": 98600000,
    "otherExpenses": 0,
    "operatingExpenses": 170400000,
    "costAndExpenses": 823300000,
    "netInterestIncome": 0,
    "interestIncome": 0,
    "interestExpense": 0,
    "depreciationAndAmortization": 171900000,
    "ebitda": 40500000,
    "ebit": -131400000,
    "nonOperatingIncomeExcludingInterest": 0,
    "operatingIncome": -131400000,
    "totalOtherIncomeExpensesNet": -900000,
    "incomeBeforeTax": -132300000,
    "incomeTaxExpense": -49200000,
    "netIncomeFromContinuingOperations": -89000000,
    "netIncomeFromDiscontinuedOperations": 0,
    "otherAdjustmentsToNetIncome": 0,
    "netIncome": -89000000,
    "netIncomeDeductions": 0,
    "bottomLineNetIncome": -89000000,
    "eps": -0.21,
    "epsDiluted": -0.21,
    "weightedAverageShsOut": 422471264,
    "weightedAverageShsOutDil": 433400000
  },
  {
    "date": "1998-05-28",
    "symbol": "MU",
    "reportedCurrency": "USD",
    "cik": "0000723125",
    "filingDate": "1998-07-13",
    "acceptedDate": "1998-07-13 00:00:00",
    "fiscalYear": "1998",
    "period": "Q3",
    "revenue": 609900000,
    "costOfRevenue": 607000000,
    "grossProfit": 2900000,
    "researchAndDevelopmentExpenses": 66200000,
    "generalAndAdministrativeExpenses": 0,
    "sellingAndMarketingExpenses": 0,
    "sellingGeneralAndAdministrativeExpenses": 109000000,
    "otherExpenses": 0,
    "operatingExpenses": 175200000,
    "costAndExpenses": 782200000,
    "netInterestIncome": 0,
    "interestIncome": 0,
    "interestExpense": 0,
    "depreciationAndAmortization": 151200000,
    "ebitda": -27600000,
    "ebit": -178800000,
    "nonOperatingIncomeExcludingInterest": 0,
    "operatingIncome": -172300000,
    "totalOtherIncomeExpensesNet": -1400000,
    "incomeBeforeTax": -171300000,
    "incomeTaxExpense": -67300000,
    "netIncomeFromContinuingOperations": -109400000,
    "netIncomeFromDiscontinuedOperations": 0,
    "otherAdjustmentsToNetIncome": 0,
    "netIncome": -106100000,
    "netIncomeDeductions": 0,
    "bottomLineNetIncome": -109400000,
    "eps": -0.25,
    "epsDiluted": -0.25,
    "weightedAverageShsOut": 420769231,
    "weightedAverageShsOutDil": 420769231
  },
  {
    "date": "1998-02-26",
    "symbol": "MU",
    "reportedCurrency": "USD",
    "cik": "0000723125",
    "filingDate": "1998-04-03",
    "acceptedDate": "1998-04-03 00:00:00",
    "fiscalYear": "1998",
    "period": "Q2",
    "revenue": 755400000,
    "costOfRevenue": 757300000,
    "grossProfit": -1900000,
    "researchAndDevelopmentExpenses": 69900000,
    "generalAndAdministrativeExpenses": 0,
    "sellingAndMarketingExpenses": 0,
    "sellingGeneralAndAdministrativeExpenses": 135700000,
    "otherExpenses": 0,
    "operatingExpenses": 205600000,
    "costAndExpenses": 962900000,
    "netInterestIncome": 0,
    "interestIncome": 0,
    "interestExpense": 0,
    "depreciationAndAmortization": 147200000,
    "ebitda": -64800000,
    "ebit": -212100000,
    "nonOperatingIncomeExcludingInterest": 0,
    "operatingIncome": -207500000,
    "totalOtherIncomeExpensesNet": 150400000,
    "incomeBeforeTax": -48000000,
    "incomeTaxExpense": -8900000,
    "netIncomeFromContinuingOperations": -50900000,
    "netIncomeFromDiscontinuedOperations": 0,
    "otherAdjustmentsToNetIncome": 0,
    "netIncome": -48100000,
    "netIncomeDeductions": 0,
    "bottomLineNetIncome": -50900000,
    "eps": -0.11,
    "epsDiluted": -0.11,
    "weightedAverageShsOut": 424166667,
    "weightedAverageShsOutDil": 424166667
  },
  {
    "date": "1997-11-27",
    "symbol": "MU",
    "reportedCurrency": "USD",
    "cik": "0000723125",
    "filingDate": "1998-01-12",
    "acceptedDate": "1998-01-12 00:00:00",
    "fiscalYear": "1998",
    "period": "Q1",
    "revenue": 954600000,
    "costOfRevenue": 744100000,
    "grossProfit": 210500000,
    "researchAndDevelopmentExpenses": 63900000,
    "generalAndAdministrativeExpenses": 0,
    "sellingAndMarketingExpenses": 0,
    "sellingGeneralAndAdministrativeExpenses": 129100000,
    "otherExpenses": 0,
    "operatingExpenses": 193000000,
    "costAndExpenses": 937100000,
    "netInterestIncome": 0,
    "interestIncome": 0,
    "interestExpense": 0,
    "depreciationAndAmortization": 136300000,
    "ebitda": 148700000,
    "ebit": 12400000,
    "nonOperatingIncomeExcludingInterest": 0,
    "operatingIncome": 17500000,
    "totalOtherIncomeExpensesNet": -1400000,
    "incomeBeforeTax": 16300000,
    "incomeTaxExpense": 6500000,
    "netIncomeFromContinuingOperations": 6500000,
    "netIncomeFromDiscontinuedOperations": 0,
    "otherAdjustmentsToNetIncome": 0,
    "netIncome": 9600000,
    "netIncomeDeductions": 0,
    "bottomLineNetIncome": 6500000,
    "eps": 0.02,
    "epsDiluted": 0.02,
    "weightedAverageShsOut": 325000000,
    "weightedAverageShsOutDil": 325000000
  },
  {
    "date": "1997-08-28",
    "symbol": "MU",
    "reportedCurrency": "USD",
    "cik": "0000723125",
    "filingDate": "1997-10-08",
    "acceptedDate": "1997-10-08 00:00:00",
    "fiscalYear": "1997",
    "period": "Q4",
    "revenue": 946200000,
    "costOfRevenue": 658900000,
    "grossProfit": 287300000,
    "researchAndDevelopmentExpenses": 62300000,
    "generalAndAdministrativeExpenses": 0,
    "sellingAndMarketingExpenses": 0,
    "sellingGeneralAndAdministrativeExpenses": 100800000,
    "otherExpenses": 0,
    "operatingExpenses": 163100000,
    "costAndExpenses": 822000000,
    "netInterestIncome": 0,
    "interestIncome": 0,
    "interestExpense": 0,
    "depreciationAndAmortization": 111400000,
    "ebitda": 235600000,
    "ebit": 124200000,
    "nonOperatingIncomeExcludingInterest": 0,
    "operatingIncome": 124200000,
    "totalOtherIncomeExpensesNet": 4800000,
    "incomeBeforeTax": 129000000,
    "incomeTaxExpense": 52800000,
    "netIncomeFromContinuingOperations": 72000000,
    "netIncomeFromDiscontinuedOperations": 0,
    "otherAdjustmentsToNetIncome": 0,
    "netIncome": 72000000,
    "netIncomeDeductions": 0,
    "bottomLineNetIncome": 72000000,
    "eps": 0.16,
    "epsDiluted": 0.16,
    "weightedAverageShsOut": 441800000,
    "weightedAverageShsOutDil": 441800000
  },
  {
    "date": "1997-05-29",
    "symbol": "MU",
    "reportedCurrency": "USD",
    "cik": "0000723125",
    "filingDate": "1997-06-18",
    "acceptedDate": "1997-06-18 00:00:00",
    "fiscalYear": "1997",
    "period": "Q3",
    "revenue": 965000000,
    "costOfRevenue": 650000000,
    "grossProfit": 315000000,
    "researchAndDevelopmentExpenses": 52600000,
    "generalAndAdministrativeExpenses": 0,
    "sellingAndMarketingExpenses": 0,
    "sellingGeneralAndAdministrativeExpenses": 93400000,
    "otherExpenses": 0,
    "operatingExpenses": 146000000,
    "costAndExpenses": 796000000,
    "netInterestIncome": 0,
    "interestIncome": 0,
    "interestExpense": 0,
    "depreciationAndAmortization": 122400000,
    "ebitda": 291400000,
    "ebit": 169000000,
    "nonOperatingIncomeExcludingInterest": 0,
    "operatingIncome": 169000000,
    "totalOtherIncomeExpensesNet": 1500000,
    "incomeBeforeTax": 170500000,
    "incomeTaxExpense": 67800000,
    "netIncomeFromContinuingOperations": 96800000,
    "netIncomeFromDiscontinuedOperations": 0,
    "otherAdjustmentsToNetIncome": 0,
    "netIncome": 96800000,
    "netIncomeDeductions": 0,
    "bottomLineNetIncome": 96800000,
    "eps": 0.23,
    "epsDiluted": 0.22,
    "weightedAverageShsOut": 420600000,
    "weightedAverageShsOutDil": 429800000
  },
  {
    "date": "1997-02-27",
    "symbol": "MU",
    "reportedCurrency": "USD",
    "cik": "0000723125",
    "filingDate": "1997-03-25",
    "acceptedDate": "1997-03-25 00:00:00",
    "fiscalYear": "1997",
    "period": "Q2",
    "revenue": 876200000,
    "costOfRevenue": 657500000,
    "grossProfit": 218700000,
    "researchAndDevelopmentExpenses": 46800000,
    "generalAndAdministrativeExpenses": 0,
    "sellingAndMarketingExpenses": 0,
    "sellingGeneralAndAdministrativeExpenses": 94900000,
    "otherExpenses": 0,
    "operatingExpenses": 141700000,
    "costAndExpenses": 799200000,
    "netInterestIncome": 0,
    "interestIncome": 0,
    "interestExpense": 0,
    "depreciationAndAmortization": 117600000,
    "ebitda": 194600000,
    "ebit": 77000000,
    "nonOperatingIncomeExcludingInterest": 0,
    "operatingIncome": 77000000,
    "totalOtherIncomeExpensesNet": 203300000,
    "incomeBeforeTax": 280300000,
    "incomeTaxExpense": 131200000,
    "netIncomeFromContinuingOperations": 142700000,
    "netIncomeFromDiscontinuedOperations": 0,
    "otherAdjustmentsToNetIncome": 0,
    "netIncome": 142700000,
    "netIncomeDeductions": 0,
    "bottomLineNetIncome": 142700000,
    "eps": 0.33,
    "epsDiluted": 0.33,
    "weightedAverageShsOut": 431000000,
    "weightedAverageShsOutDil": 432400000
  },
  {
    "date": "1996-11-28",
    "symbol": "MU",
    "reportedCurrency": "USD",
    "cik": "0000723125",
    "filingDate": "1996-12-23",
    "acceptedDate": "1996-12-23 00:00:00",
    "fiscalYear": "1997",
    "period": "Q1",
    "revenue": 728100000,
    "costOfRevenue": 572900000,
    "grossProfit": 155200000,
    "researchAndDevelopmentExpenses": 47200000,
    "generalAndAdministrativeExpenses": 0,
    "sellingAndMarketingExpenses": 0,
    "sellingGeneralAndAdministrativeExpenses": 66600000,
    "otherExpenses": 0,
    "operatingExpenses": 113800000,
    "costAndExpenses": 686700000,
    "netInterestIncome": 0,
    "interestIncome": 0,
    "interestExpense": 0,
    "depreciationAndAmortization": 110300000,
    "ebitda": 151700000,
    "ebit": 32200000,
    "nonOperatingIncomeExcludingInterest": 9200000,
    "operatingIncome": 41400000,
    "totalOtherIncomeExpensesNet": -2100000,
    "incomeBeforeTax": 39300000,
    "incomeTaxExpense": 15600000,
    "netIncomeFromContinuingOperations": 20600000,
    "netIncomeFromDiscontinuedOperations": 0,
    "otherAdjustmentsToNetIncome": 0,
    "netIncome": 20600000,
    "netIncomeDeductions": 0,
    "bottomLineNetIncome": 20600000,
    "eps": 0.05,
    "epsDiluted": 0.05,
    "weightedAverageShsOut": 412000000,
    "weightedAverageShsOutDil": 412000000
  },
  {
    "date": "1996-08-29",
    "symbol": "MU",
    "reportedCurrency": "USD",
    "cik": "0000723125",
    "filingDate": "1996-10-04",
    "acceptedDate": "1996-10-04 00:00:00",
    "fiscalYear": "1996",
    "period": "Q4",
    "revenue": 700500000,
    "costOfRevenue": 550200000,
    "grossProfit": 150300000,
    "researchAndDevelopmentExpenses": 46100000,
    "generalAndAdministrativeExpenses": 0,
    "sellingAndMarketingExpenses": 0,
    "sellingGeneralAndAdministrativeExpenses": 75500000,
    "otherExpenses": 0,
    "operatingExpenses": 121600000,
    "costAndExpenses": 671800000,
    "netInterestIncome": 0,
    "interestIncome": 0,
    "interestExpense": 0,
    "depreciationAndAmortization": 102000000,
    "ebitda": 130700000,
    "ebit": 28700000,
    "nonOperatingIncomeExcludingInterest": 300000,
    "operatingIncome": 29000000,
    "totalOtherIncomeExpensesNet": -8900000,
    "incomeBeforeTax": 20100000,
    "incomeTaxExpense": 1500000,
    "netIncomeFromContinuingOperations": 18600000,
    "netIncomeFromDiscontinuedOperations": 0,
    "otherAdjustmentsToNetIncome": 0,
    "netIncome": 18600000,
    "netIncomeDeductions": 0,
    "bottomLineNetIncome": 18600000,
    "eps": 0.0436,
    "epsDiluted": 0.0436,
    "weightedAverageShsOut": 424600000,
    "weightedAverageShsOutDil": 426200000
  },
  {
    "date": "1996-05-30",
    "symbol": "MU",
    "reportedCurrency": "USD",
    "cik": "0000723125",
    "filingDate": "1996-06-28",
    "acceptedDate": "1996-06-28 00:00:00",
    "fiscalYear": "1996",
    "period": "Q3",
    "revenue": 771000000,
    "costOfRevenue": 558000000,
    "grossProfit": 213000000,
    "researchAndDevelopmentExpenses": 51200000,
    "generalAndAdministrativeExpenses": 0,
    "sellingAndMarketingExpenses": 0,
    "sellingGeneralAndAdministrativeExpenses": 67100000,
    "otherExpenses": 0,
    "operatingExpenses": 118300000,
    "costAndExpenses": 676300000,
    "netInterestIncome": 0,
    "interestIncome": 0,
    "interestExpense": 0,
    "depreciationAndAmortization": 98200000,
    "ebitda": 192900000,
    "ebit": 94700000,
    "nonOperatingIncomeExcludingInterest": 0,
    "operatingIncome": 94700000,
    "totalOtherIncomeExpensesNet": 2100000,
    "incomeBeforeTax": 96800000,
    "incomeTaxExpense": 38600000,
    "netIncomeFromContinuingOperations": 58200000,
    "netIncomeFromDiscontinuedOperations": 0,
    "otherAdjustmentsToNetIncome": 0,
    "netIncome": 58200000,
    "netIncomeDeductions": 0,
    "bottomLineNetIncome": 58200000,
    "eps": 0.14,
    "epsDiluted": 0.14,
    "weightedAverageShsOut": 429000000,
    "weightedAverageShsOutDil": 429000000
  },
  {
    "date": "1996-02-29",
    "symbol": "MU",
    "reportedCurrency": "USD",
    "cik": "0000723125",
    "filingDate": "1996-03-26",
    "acceptedDate": "1996-03-26 00:00:00",
    "fiscalYear": "1996",
    "period": "Q2",
    "revenue": 996500000,
    "costOfRevenue": 552100000,
    "grossProfit": 444400000,
    "researchAndDevelopmentExpenses": 48000000,
    "generalAndAdministrativeExpenses": 0,
    "sellingAndMarketingExpenses": 0,
    "sellingGeneralAndAdministrativeExpenses": 100300000,
    "otherExpenses": 0,
    "operatingExpenses": 148300000,
    "costAndExpenses": 700400000,
    "netInterestIncome": 0,
    "interestIncome": 0,
    "interestExpense": 0,
    "depreciationAndAmortization": 90300000,
    "ebitda": 386400000,
    "ebit": 296100000,
    "nonOperatingIncomeExcludingInterest": 0,
    "operatingIncome": 296100000,
    "totalOtherIncomeExpensesNet": -183800000,
    "incomeBeforeTax": 112300000,
    "incomeTaxExpense": 112300000,
    "netIncomeFromContinuingOperations": 188200000,
    "netIncomeFromDiscontinuedOperations": 0,
    "otherAdjustmentsToNetIncome": 0,
    "netIncome": 188200000,
    "netIncomeDeductions": 0,
    "bottomLineNetIncome": 188200000,
    "eps": 0.44,
    "epsDiluted": 0.44,
    "weightedAverageShsOut": 430400000,
    "weightedAverageShsOutDil": 430400000
  },
  {
    "date": "1995-11-30",
    "symbol": "MU",
    "reportedCurrency": "USD",
    "cik": "0000723125",
    "filingDate": "1995-12-20",
    "acceptedDate": "1995-12-20 00:00:00",
    "fiscalYear": "1996",
    "period": "Q1",
    "revenue": 1185800000,
    "costOfRevenue": 538100000,
    "grossProfit": 647700000,
    "researchAndDevelopmentExpenses": 46600000,
    "generalAndAdministrativeExpenses": 0,
    "sellingAndMarketingExpenses": 0,
    "sellingGeneralAndAdministrativeExpenses": 76400000,
    "otherExpenses": 0,
    "operatingExpenses": 123000000,
    "costAndExpenses": 661100000,
    "netInterestIncome": 0,
    "interestIncome": 0,
    "interestExpense": 0,
    "depreciationAndAmortization": 73200000,
    "ebitda": 597900000,
    "ebit": 524700000,
    "nonOperatingIncomeExcludingInterest": 0,
    "operatingIncome": 524700000,
    "totalOtherIncomeExpensesNet": 8400000,
    "incomeBeforeTax": 533100000,
    "incomeTaxExpense": 204600000,
    "netIncomeFromContinuingOperations": 328500000,
    "netIncomeFromDiscontinuedOperations": 0,
    "otherAdjustmentsToNetIncome": 0,
    "netIncome": 328500000,
    "netIncomeDeductions": 0,
    "bottomLineNetIncome": 328500000,
    "eps": 0.76,
    "epsDiluted": 0.76,
    "weightedAverageShsOut": 434400000,
    "weightedAverageShsOutDil": 434400000
  },
  {
    "date": "1995-08-31",
    "symbol": "MU",
    "reportedCurrency": "USD",
    "cik": "0000723125",
    "filingDate": "1995-10-10",
    "acceptedDate": "1995-10-10 00:00:00",
    "fiscalYear": "1995",
    "period": "Q4",
    "revenue": 1028000000,
    "costOfRevenue": 479500000,
    "grossProfit": 548500000,
    "researchAndDevelopmentExpenses": 39300000,
    "generalAndAdministrativeExpenses": 0,
    "sellingAndMarketingExpenses": 0,
    "sellingGeneralAndAdministrativeExpenses": 67100000,
    "otherExpenses": 0,
    "operatingExpenses": 106400000,
    "costAndExpenses": 585900000,
    "netInterestIncome": 0,
    "interestIncome": 0,
    "interestExpense": 0,
    "depreciationAndAmortization": 61400000,
    "ebitda": 503500000,
    "ebit": 442100000,
    "nonOperatingIncomeExcludingInterest": 0,
    "operatingIncome": 442100000,
    "totalOtherIncomeExpensesNet": 7600000,
    "incomeBeforeTax": 449700000,
    "incomeTaxExpense": 168600000,
    "netIncomeFromContinuingOperations": 281100000,
    "netIncomeFromDiscontinuedOperations": 0,
    "otherAdjustmentsToNetIncome": 0,
    "netIncome": 281100000,
    "netIncomeDeductions": 0,
    "bottomLineNetIncome": 281100000,
    "eps": 0.65,
    "epsDiluted": 0.65,
    "weightedAverageShsOut": 431600000,
    "weightedAverageShsOutDil": 431600000
  },
  {
    "date": "1995-06-01",
    "symbol": "MU",
    "reportedCurrency": "USD",
    "cik": "0000723125",
    "filingDate": "1995-06-20",
    "acceptedDate": "1995-06-20 00:00:00",
    "fiscalYear": "1995",
    "period": "Q3",
    "revenue": 761200000,
    "costOfRevenue": 357200000,
    "grossProfit": 404000000,
    "researchAndDevelopmentExpenses": 33600000,
    "generalAndAdministrativeExpenses": 0,
    "sellingAndMarketingExpenses": 0,
    "sellingGeneralAndAdministrativeExpenses": 54400000,
    "otherExpenses": 29000000,
    "operatingExpenses": 117000000,
    "costAndExpenses": 474200000,
    "netInterestIncome": 0,
    "interestIncome": 0,
    "interestExpense": 0,
    "depreciationAndAmortization": 51000000,
    "ebitda": 338000000,
    "ebit": 287000000,
    "nonOperatingIncomeExcludingInterest": 29000000,
    "operatingIncome": 316000000,
    "totalOtherIncomeExpensesNet": 36400000,
    "incomeBeforeTax": 352400000,
    "incomeTaxExpense": 132200000,
    "netIncomeFromContinuingOperations": 220200000,
    "netIncomeFromDiscontinuedOperations": 0,
    "otherAdjustmentsToNetIncome": 0,
    "netIncome": 220200000,
    "netIncomeDeductions": 0,
    "bottomLineNetIncome": 220200000,
    "eps": 0.51,
    "epsDiluted": 0.51,
    "weightedAverageShsOut": 430200000,
    "weightedAverageShsOutDil": 430200000
  },
  {
    "date": "1995-03-02",
    "symbol": "MU",
    "reportedCurrency": "USD",
    "cik": "0000723125",
    "filingDate": "1995-03-21",
    "acceptedDate": "1995-03-21 00:00:00",
    "fiscalYear": "1995",
    "period": "Q2",
    "revenue": 628500000,
    "costOfRevenue": 267500000,
    "grossProfit": 361000000,
    "researchAndDevelopmentExpenses": 28900000,
    "generalAndAdministrativeExpenses": 0,
    "sellingAndMarketingExpenses": 0,
    "sellingGeneralAndAdministrativeExpenses": 39000000,
    "otherExpenses": 0,
    "operatingExpenses": 67900000,
    "costAndExpenses": 335400000,
    "netInterestIncome": 0,
    "interestIncome": 0,
    "interestExpense": 0,
    "depreciationAndAmortization": 44900000,
    "ebitda": 338000000,
    "ebit": 293100000,
    "nonOperatingIncomeExcludingInterest": 0,
    "operatingIncome": 293100000,
    "totalOtherIncomeExpensesNet": 6500000,
    "incomeBeforeTax": 299600000,
    "incomeTaxExpense": 116100000,
    "netIncomeFromContinuingOperations": 183500000,
    "netIncomeFromDiscontinuedOperations": 0,
    "otherAdjustmentsToNetIncome": 0,
    "netIncome": 183500000,
    "netIncomeDeductions": 0,
    "bottomLineNetIncome": 183500000,
    "eps": 0.43,
    "epsDiluted": 0.43,
    "weightedAverageShsOut": 425600000,
    "weightedAverageShsOutDil": 428800000
  },
  {
    "date": "1994-12-01",
    "symbol": "MU",
    "reportedCurrency": "USD",
    "cik": "0000723125",
    "filingDate": "1994-12-20",
    "acceptedDate": "1994-12-20 00:00:00",
    "fiscalYear": "1995",
    "period": "Q1",
    "revenue": 535000000,
    "costOfRevenue": 224500000,
    "grossProfit": 310500000,
    "researchAndDevelopmentExpenses": 27000000,
    "generalAndAdministrativeExpenses": 0,
    "sellingAndMarketingExpenses": 0,
    "sellingGeneralAndAdministrativeExpenses": 38200000,
    "otherExpenses": 0,
    "operatingExpenses": 65200000,
    "costAndExpenses": 289700000,
    "netInterestIncome": 0,
    "interestIncome": 0,
    "interestExpense": 0,
    "depreciationAndAmortization": 41700000,
    "ebitda": 287000000,
    "ebit": 245300000,
    "nonOperatingIncomeExcludingInterest": 0,
    "operatingIncome": 245300000,
    "totalOtherIncomeExpensesNet": 3600000,
    "incomeBeforeTax": 248900000,
    "incomeTaxExpense": 89600000,
    "netIncomeFromContinuingOperations": 159300000,
    "netIncomeFromDiscontinuedOperations": 0,
    "otherAdjustmentsToNetIncome": 0,
    "netIncome": 159300000,
    "netIncomeDeductions": 0,
    "bottomLineNetIncome": 159300000,
    "eps": 0.38,
    "epsDiluted": 0.38,
    "weightedAverageShsOut": 421600000,
    "weightedAverageShsOutDil": 421600000
  },
  {
    "date": "1994-09-01",
    "symbol": "MU",
    "reportedCurrency": "USD",
    "cik": "0000723125",
    "filingDate": "1994-09-23",
    "acceptedDate": "1994-09-23 00:00:00",
    "fiscalYear": "1994",
    "period": "Q4",
    "revenue": 491611000,
    "costOfRevenue": 211740000,
    "grossProfit": 279871000,
    "researchAndDevelopmentExpenses": 27419000,
    "generalAndAdministrativeExpenses": 0,
    "sellingAndMarketingExpenses": 0,
    "sellingGeneralAndAdministrativeExpenses": 32742000,
    "otherExpenses": 0,
    "operatingExpenses": 60161000,
    "costAndExpenses": 271901000,
    "netInterestIncome": 0,
    "interestIncome": 0,
    "interestExpense": 0,
    "depreciationAndAmortization": 41116000,
    "ebitda": 260826000,
    "ebit": 219710000,
    "nonOperatingIncomeExcludingInterest": 0,
    "operatingIncome": 219710000,
    "totalOtherIncomeExpensesNet": 1968000,
    "incomeBeforeTax": 221678000,
    "incomeTaxExpense": 79816000,
    "netIncomeFromContinuingOperations": 141862000,
    "netIncomeFromDiscontinuedOperations": 0,
    "otherAdjustmentsToNetIncome": 0,
    "netIncome": 141862000,
    "netIncomeDeductions": 0,
    "bottomLineNetIncome": 141862000,
    "eps": 0.33,
    "epsDiluted": 0.33,
    "weightedAverageShsOut": 422608000,
    "weightedAverageShsOutDil": 431400000
  },
  {
    "date": "1994-06-02",
    "symbol": "MU",
    "reportedCurrency": "USD",
    "cik": "0000723125",
    "filingDate": "1994-06-21",
    "acceptedDate": "1994-06-21 00:00:00",
    "fiscalYear": "1994",
    "period": "Q3",
    "revenue": 426392000,
    "costOfRevenue": 206967000,
    "grossProfit": 219425000,
    "researchAndDevelopmentExpenses": 22933000,
    "generalAndAdministrativeExpenses": 0,
    "sellingAndMarketingExpenses": 0,
    "sellingGeneralAndAdministrativeExpenses": 35773000,
    "otherExpenses": -2293000,
    "operatingExpenses": 56413000,
    "costAndExpenses": 263380000,
    "netInterestIncome": 0,
    "interestIncome": 0,
    "interestExpense": 0,
    "depreciationAndAmortization": 52396000,
    "ebitda": 215408000,
    "ebit": 163012000,
    "nonOperatingIncomeExcludingInterest": 0,
    "operatingIncome": 163012000,
    "totalOtherIncomeExpensesNet": 0,
    "incomeBeforeTax": 163012000,
    "incomeTaxExpense": 58685000,
    "netIncomeFromContinuingOperations": 104327000,
    "netIncomeFromDiscontinuedOperations": 0,
    "otherAdjustmentsToNetIncome": 0,
    "netIncome": 104327000,
    "netIncomeDeductions": 0,
    "bottomLineNetIncome": 104327000,
    "eps": 0.25,
    "epsDiluted": 0.25,
    "weightedAverageShsOut": 422520000,
    "weightedAverageShsOutDil": 422520000
  },
  {
    "date": "1994-03-03",
    "symbol": "MU",
    "reportedCurrency": "USD",
    "cik": "0000723125",
    "filingDate": "1994-03-22",
    "acceptedDate": "1994-03-22 00:00:00",
    "fiscalYear": "1994",
    "period": "Q2",
    "revenue": 390459000,
    "costOfRevenue": 204105000,
    "grossProfit": 186354000,
    "researchAndDevelopmentExpenses": 18714000,
    "generalAndAdministrativeExpenses": 0,
    "sellingAndMarketingExpenses": 0,
    "sellingGeneralAndAdministrativeExpenses": 33094000,
    "otherExpenses": 0,
    "operatingExpenses": 51808000,
    "costAndExpenses": 255913000,
    "netInterestIncome": 0,
    "interestIncome": 0,
    "interestExpense": 0,
    "depreciationAndAmortization": 46988000,
    "ebitda": 181534000,
    "ebit": 134546000,
    "nonOperatingIncomeExcludingInterest": 0,
    "operatingIncome": 134546000,
    "totalOtherIncomeExpensesNet": 1012000,
    "incomeBeforeTax": 135558000,
    "incomeTaxExpense": 48800000,
    "netIncomeFromContinuingOperations": 86758000,
    "netIncomeFromDiscontinuedOperations": 0,
    "otherAdjustmentsToNetIncome": 0,
    "netIncome": 86758000,
    "netIncomeDeductions": 0,
    "bottomLineNetIncome": 86758000,
    "eps": 0.21,
    "epsDiluted": 0.21,
    "weightedAverageShsOut": 415180000,
    "weightedAverageShsOutDil": 415180000
  },
  {
    "date": "1993-11-30",
    "symbol": "MU",
    "reportedCurrency": "USD",
    "cik": "0000723125",
    "filingDate": "1993-11-30",
    "acceptedDate": "1993-11-30 00:00:00",
    "fiscalYear": "1994",
    "period": "Q1",
    "revenue": 320100000,
    "costOfRevenue": 125900000,
    "grossProfit": 194200000,
    "researchAndDevelopmentExpenses": 0,
    "generalAndAdministrativeExpenses": 0,
    "sellingAndMarketingExpenses": 0,
    "sellingGeneralAndAdministrativeExpenses": 48400000,
    "otherExpenses": 40700000,
    "operatingExpenses": 89100000,
    "costAndExpenses": 215000000,
    "netInterestIncome": 0,
    "interestIncome": 0,
    "interestExpense": 0,
    "depreciationAndAmortization": 40700000,
    "ebitda": 145800000,
    "ebit": 105100000,
    "nonOperatingIncomeExcludingInterest": 0,
    "operatingIncome": 105100000,
    "totalOtherIncomeExpensesNet": 500000,
    "incomeBeforeTax": 105600000,
    "incomeTaxExpense": 38000000,
    "netIncomeFromContinuingOperations": 67600000,
    "netIncomeFromDiscontinuedOperations": 0,
    "otherAdjustmentsToNetIncome": 0,
    "netIncome": 67600000,
    "netIncomeDeductions": 0,
    "bottomLineNetIncome": 67600000,
    "eps": 0.17,
    "epsDiluted": 0.17,
    "weightedAverageShsOut": 397647059,
    "weightedAverageShsOutDil": 397647059
  },
  {
    "date": "1993-08-31",
    "symbol": "MU",
    "reportedCurrency": "USD",
    "cik": "0000723125",
    "filingDate": "1993-08-31",
    "acceptedDate": "1993-08-31 00:00:00",
    "fiscalYear": "1993",
    "period": "Q4",
    "revenue": 306000000,
    "costOfRevenue": 127500000,
    "grossProfit": 178500000,
    "researchAndDevelopmentExpenses": 0,
    "generalAndAdministrativeExpenses": 0,
    "sellingAndMarketingExpenses": 0,
    "sellingGeneralAndAdministrativeExpenses": 44100000,
    "otherExpenses": 35800000,
    "operatingExpenses": 79900000,
    "costAndExpenses": 207400000,
    "netInterestIncome": 0,
    "interestIncome": 0,
    "interestExpense": 0,
    "depreciationAndAmortization": 35800000,
    "ebitda": 134400000,
    "ebit": 98600000,
    "nonOperatingIncomeExcludingInterest": 0,
    "operatingIncome": 98600000,
    "totalOtherIncomeExpensesNet": -400000,
    "incomeBeforeTax": 98200000,
    "incomeTaxExpense": 35300000,
    "netIncomeFromContinuingOperations": 62900000,
    "netIncomeFromDiscontinuedOperations": 0,
    "otherAdjustmentsToNetIncome": 0,
    "netIncome": 62900000,
    "netIncomeDeductions": 0,
    "bottomLineNetIncome": 62900000,
    "eps": 0.17,
    "epsDiluted": 0.17,
    "weightedAverageShsOut": 368750000,
    "weightedAverageShsOutDil": 368750000
  },
  {
    "date": "1993-05-31",
    "symbol": "MU",
    "reportedCurrency": "USD",
    "cik": "0000723125",
    "filingDate": "1993-05-31",
    "acceptedDate": "1993-05-31 00:00:00",
    "fiscalYear": "1993",
    "period": "Q3",
    "revenue": 214900000,
    "costOfRevenue": 95100000,
    "grossProfit": 119800000,
    "researchAndDevelopmentExpenses": 0,
    "generalAndAdministrativeExpenses": 0,
    "sellingAndMarketingExpenses": 0,
    "sellingGeneralAndAdministrativeExpenses": 35800000,
    "otherExpenses": 37200000,
    "operatingExpenses": 73000000,
    "costAndExpenses": 168100000,
    "netInterestIncome": 0,
    "interestIncome": 0,
    "interestExpense": 0,
    "depreciationAndAmortization": 37200000,
    "ebitda": 84000000,
    "ebit": 46800000,
    "nonOperatingIncomeExcludingInterest": 0,
    "operatingIncome": 46800000,
    "totalOtherIncomeExpensesNet": -700000,
    "incomeBeforeTax": 46100000,
    "incomeTaxExpense": 16600000,
    "netIncomeFromContinuingOperations": 29500000,
    "netIncomeFromDiscontinuedOperations": 0,
    "otherAdjustmentsToNetIncome": 0,
    "netIncome": 29500000,
    "netIncomeDeductions": 0,
    "bottomLineNetIncome": 29500000,
    "eps": 0.08,
    "epsDiluted": 0.08,
    "weightedAverageShsOut": 368750000,
    "weightedAverageShsOutDil": 368750000
  },
  {
    "date": "1993-02-28",
    "symbol": "MU",
    "reportedCurrency": "USD",
    "cik": "0000723125",
    "filingDate": "1993-02-28",
    "acceptedDate": "1993-02-28 00:00:00",
    "fiscalYear": "1993",
    "period": "Q2",
    "revenue": 176400000,
    "costOfRevenue": 87900000,
    "grossProfit": 88500000,
    "researchAndDevelopmentExpenses": 0,
    "generalAndAdministrativeExpenses": 0,
    "sellingAndMarketingExpenses": 0,
    "sellingGeneralAndAdministrativeExpenses": 37400000,
    "otherExpenses": 35800000,
    "operatingExpenses": 73200000,
    "costAndExpenses": 161100000,
    "netInterestIncome": 0,
    "interestIncome": 0,
    "interestExpense": 0,
    "depreciationAndAmortization": 35800000,
    "ebitda": 51100000,
    "ebit": 15300000,
    "nonOperatingIncomeExcludingInterest": 0,
    "operatingIncome": 15300000,
    "totalOtherIncomeExpensesNet": -1300000,
    "incomeBeforeTax": 14000000,
    "incomeTaxExpense": 5000000,
    "netIncomeFromContinuingOperations": 9000000,
    "netIncomeFromDiscontinuedOperations": 0,
    "otherAdjustmentsToNetIncome": 0,
    "netIncome": 9000000,
    "netIncomeDeductions": 0,
    "bottomLineNetIncome": 9000000,
    "eps": 0.03,
    "epsDiluted": 0.03,
    "weightedAverageShsOut": 300000000,
    "weightedAverageShsOutDil": 300000000
  },
  {
    "date": "1992-11-30",
    "symbol": "MU",
    "reportedCurrency": "USD",
    "cik": "0000723125",
    "filingDate": "1992-11-30",
    "acceptedDate": "1992-11-30 00:00:00",
    "fiscalYear": "1993",
    "period": "Q1",
    "revenue": 131000000,
    "costOfRevenue": 67900000,
    "grossProfit": 63100000,
    "researchAndDevelopmentExpenses": 0,
    "generalAndAdministrativeExpenses": 0,
    "sellingAndMarketingExpenses": 0,
    "sellingGeneralAndAdministrativeExpenses": 27900000,
    "otherExpenses": 29900000,
    "operatingExpenses": 57800000,
    "costAndExpenses": 125700000,
    "netInterestIncome": 0,
    "interestIncome": 0,
    "interestExpense": 0,
    "depreciationAndAmortization": 29900000,
    "ebitda": 35200000,
    "ebit": 5300000,
    "nonOperatingIncomeExcludingInterest": 0,
    "operatingIncome": 5300000,
    "totalOtherIncomeExpensesNet": -1100000,
    "incomeBeforeTax": 4200000,
    "incomeTaxExpense": 1500000,
    "netIncomeFromContinuingOperations": 2700000,
    "netIncomeFromDiscontinuedOperations": 0,
    "otherAdjustmentsToNetIncome": 0,
    "netIncome": 2700000,
    "netIncomeDeductions": 0,
    "bottomLineNetIncome": 2700000,
    "eps": 0.01,
    "epsDiluted": 0.01,
    "weightedAverageShsOut": 388292000,
    "weightedAverageShsOutDil": 388292000
  },
  {
    "date": "1992-08-31",
    "symbol": "MU",
    "reportedCurrency": "USD",
    "cik": "0000723125",
    "filingDate": "1992-08-31",
    "acceptedDate": "1992-08-31 00:00:00",
    "fiscalYear": "1992",
    "period": "Q4",
    "revenue": 135200000,
    "costOfRevenue": 76300000,
    "grossProfit": 58900000,
    "researchAndDevelopmentExpenses": 0,
    "generalAndAdministrativeExpenses": 0,
    "sellingAndMarketingExpenses": 0,
    "sellingGeneralAndAdministrativeExpenses": 25500000,
    "otherExpenses": 28500000,
    "operatingExpenses": 54000000,
    "costAndExpenses": 130300000,
    "netInterestIncome": 0,
    "interestIncome": 0,
    "interestExpense": 0,
    "depreciationAndAmortization": 28500000,
    "ebitda": 33400000,
    "ebit": 4900000,
    "nonOperatingIncomeExcludingInterest": 0,
    "operatingIncome": 4900000,
    "totalOtherIncomeExpensesNet": -1100000,
    "incomeBeforeTax": 3800000,
    "incomeTaxExpense": 900000,
    "netIncomeFromContinuingOperations": 2900000,
    "netIncomeFromDiscontinuedOperations": 0,
    "otherAdjustmentsToNetIncome": 0,
    "netIncome": 2900000,
    "netIncomeDeductions": 0,
    "bottomLineNetIncome": 2900000,
    "eps": 0.0076,
    "epsDiluted": 0.0076,
    "weightedAverageShsOut": 381700000,
    "weightedAverageShsOutDil": 381700000
  },
  {
    "date": "1992-05-31",
    "symbol": "MU",
    "reportedCurrency": "USD",
    "cik": "0000723125",
    "filingDate": "1992-05-31",
    "acceptedDate": "1992-05-31 00:00:00",
    "fiscalYear": "1992",
    "period": "Q3",
    "revenue": 131100000,
    "costOfRevenue": 75400000,
    "grossProfit": 55700000,
    "researchAndDevelopmentExpenses": 0,
    "generalAndAdministrativeExpenses": 0,
    "sellingAndMarketingExpenses": 0,
    "sellingGeneralAndAdministrativeExpenses": 26500000,
    "otherExpenses": 25500000,
    "operatingExpenses": 52000000,
    "costAndExpenses": 127400000,
    "netInterestIncome": 0,
    "interestIncome": 0,
    "interestExpense": 0,
    "depreciationAndAmortization": 26200000,
    "ebitda": 29900000,
    "ebit": 3700000,
    "nonOperatingIncomeExcludingInterest": 0,
    "operatingIncome": 3700000,
    "totalOtherIncomeExpensesNet": -1100000,
    "incomeBeforeTax": 2600000,
    "incomeTaxExpense": 900000,
    "netIncomeFromContinuingOperations": 1700000,
    "netIncomeFromDiscontinuedOperations": 0,
    "otherAdjustmentsToNetIncome": 0,
    "netIncome": 1700000,
    "netIncomeDeductions": 0,
    "bottomLineNetIncome": 1700000,
    "eps": 0.01,
    "epsDiluted": 0.01,
    "weightedAverageShsOut": 381700000,
    "weightedAverageShsOutDil": 381700000
  },
  {
    "date": "1992-02-29",
    "symbol": "MU",
    "reportedCurrency": "USD",
    "cik": "0000723125",
    "filingDate": "1992-02-29",
    "acceptedDate": "1992-02-29 00:00:00",
    "fiscalYear": "1992",
    "period": "Q2",
    "revenue": 128200000,
    "costOfRevenue": 74400000,
    "grossProfit": 53800000,
    "researchAndDevelopmentExpenses": 0,
    "generalAndAdministrativeExpenses": 0,
    "sellingAndMarketingExpenses": 0,
    "sellingGeneralAndAdministrativeExpenses": 25500000,
    "otherExpenses": 25200000,
    "operatingExpenses": 50700000,
    "costAndExpenses": 125100000,
    "netInterestIncome": 0,
    "interestIncome": 0,
    "interestExpense": 0,
    "depreciationAndAmortization": 25000000,
    "ebitda": 28300000,
    "ebit": 3100000,
    "nonOperatingIncomeExcludingInterest": 0,
    "operatingIncome": 3100000,
    "totalOtherIncomeExpensesNet": -800000,
    "incomeBeforeTax": 2300000,
    "incomeTaxExpense": 800000,
    "netIncomeFromContinuingOperations": 1500000,
    "netIncomeFromDiscontinuedOperations": 0,
    "otherAdjustmentsToNetIncome": 0,
    "netIncome": 1500000,
    "netIncomeDeductions": 0,
    "bottomLineNetIncome": 1500000,
    "eps": 0.01,
    "epsDiluted": 0.01,
    "weightedAverageShsOut": 380672000,
    "weightedAverageShsOutDil": 380672000
  },
  {
    "date": "1991-11-30",
    "symbol": "MU",
    "reportedCurrency": "USD",
    "cik": "0000723125",
    "filingDate": "1991-11-30",
    "acceptedDate": "1991-11-30 00:00:00",
    "fiscalYear": "1992",
    "period": "Q1",
    "revenue": 111800000,
    "costOfRevenue": 59600000,
    "grossProfit": 52200000,
    "researchAndDevelopmentExpenses": 0,
    "generalAndAdministrativeExpenses": 0,
    "sellingAndMarketingExpenses": 0,
    "sellingGeneralAndAdministrativeExpenses": 24800000,
    "otherExpenses": 25400000,
    "operatingExpenses": 50200000,
    "costAndExpenses": 109800000,
    "netInterestIncome": 0,
    "interestIncome": 0,
    "interestExpense": 0,
    "depreciationAndAmortization": 25400000,
    "ebitda": 27400000,
    "ebit": 2000000,
    "nonOperatingIncomeExcludingInterest": 0,
    "operatingIncome": 2000000,
    "totalOtherIncomeExpensesNet": -1000000,
    "incomeBeforeTax": 1000000,
    "incomeTaxExpense": 400000,
    "netIncomeFromContinuingOperations": 600000,
    "netIncomeFromDiscontinuedOperations": 0,
    "otherAdjustmentsToNetIncome": 0,
    "netIncome": 600000,
    "netIncomeDeductions": 0,
    "bottomLineNetIncome": 600000,
    "eps": 0.01,
    "epsDiluted": 0.01,
    "weightedAverageShsOut": 375404000,
    "weightedAverageShsOutDil": 375404000
  },
  {
    "date": "1991-08-31",
    "symbol": "MU",
    "reportedCurrency": "USD",
    "cik": "0000723125",
    "filingDate": "1991-08-31",
    "acceptedDate": "1991-08-31 00:00:00",
    "fiscalYear": "1991",
    "period": "Q4",
    "revenue": 123800000,
    "costOfRevenue": 65900000,
    "grossProfit": 57900000,
    "researchAndDevelopmentExpenses": 0,
    "generalAndAdministrativeExpenses": 0,
    "sellingAndMarketingExpenses": 0,
    "sellingGeneralAndAdministrativeExpenses": 17100000,
    "otherExpenses": 24100000,
    "operatingExpenses": 41200000,
    "costAndExpenses": 107100000,
    "netInterestIncome": 0,
    "interestIncome": 0,
    "interestExpense": 0,
    "depreciationAndAmortization": 24100000,
    "ebitda": 40800000,
    "ebit": 16700000,
    "nonOperatingIncomeExcludingInterest": 0,
    "operatingIncome": 16700000,
    "totalOtherIncomeExpensesNet": -1700000,
    "incomeBeforeTax": 15000000,
    "incomeTaxExpense": 5400000,
    "netIncomeFromContinuingOperations": 9600000,
    "netIncomeFromDiscontinuedOperations": 0,
    "otherAdjustmentsToNetIncome": 0,
    "netIncome": 9600000,
    "netIncomeDeductions": 0,
    "bottomLineNetIncome": 9600000,
    "eps": 0.025,
    "epsDiluted": 0.025,
    "weightedAverageShsOut": 383333333,
    "weightedAverageShsOutDil": 383333333
  },
  {
    "date": "1991-05-31",
    "symbol": "MU",
    "reportedCurrency": "USD",
    "cik": "0000723125",
    "filingDate": "1991-05-31",
    "acceptedDate": "1991-05-31 00:00:00",
    "fiscalYear": "1991",
    "period": "Q3",
    "revenue": 126800000,
    "costOfRevenue": 67300000,
    "grossProfit": 59500000,
    "researchAndDevelopmentExpenses": 0,
    "generalAndAdministrativeExpenses": 0,
    "sellingAndMarketingExpenses": 0,
    "sellingGeneralAndAdministrativeExpenses": 24600000,
    "otherExpenses": 22100000,
    "operatingExpenses": 46700000,
    "costAndExpenses": 114000000,
    "netInterestIncome": 0,
    "interestIncome": 0,
    "interestExpense": 0,
    "depreciationAndAmortization": 19800000,
    "ebitda": 34900000,
    "ebit": 12800000,
    "nonOperatingIncomeExcludingInterest": 0,
    "operatingIncome": 12800000,
    "totalOtherIncomeExpensesNet": -1900000,
    "incomeBeforeTax": 10900000,
    "incomeTaxExpense": 3900000,
    "netIncomeFromContinuingOperations": 7000000,
    "netIncomeFromDiscontinuedOperations": 0,
    "otherAdjustmentsToNetIncome": 0,
    "netIncome": 7000000,
    "netIncomeDeductions": 0,
    "bottomLineNetIncome": 7000000,
    "eps": 0.03,
    "epsDiluted": 0.03,
    "weightedAverageShsOut": 383333333,
    "weightedAverageShsOutDil": 383333333
  },
  {
    "date": "1991-02-28",
    "symbol": "MU",
    "reportedCurrency": "USD",
    "cik": "0000723125",
    "filingDate": "1991-02-28",
    "acceptedDate": "1991-02-28 00:00:00",
    "fiscalYear": "1991",
    "period": "Q2",
    "revenue": 94500000,
    "costOfRevenue": 55000000,
    "grossProfit": 39500000,
    "researchAndDevelopmentExpenses": 0,
    "generalAndAdministrativeExpenses": 0,
    "sellingAndMarketingExpenses": 0,
    "sellingGeneralAndAdministrativeExpenses": 18100000,
    "otherExpenses": 23200000,
    "operatingExpenses": 41300000,
    "costAndExpenses": 96300000,
    "netInterestIncome": 0,
    "interestIncome": 0,
    "interestExpense": 0,
    "depreciationAndAmortization": 20300000,
    "ebitda": 21400000,
    "ebit": -1800000,
    "nonOperatingIncomeExcludingInterest": 0,
    "operatingIncome": -1800000,
    "totalOtherIncomeExpensesNet": -1600000,
    "incomeBeforeTax": -3400000,
    "incomeTaxExpense": -1200000,
    "netIncomeFromContinuingOperations": -2200000,
    "netIncomeFromDiscontinuedOperations": 0,
    "otherAdjustmentsToNetIncome": 0,
    "netIncome": -2200000,
    "netIncomeDeductions": 0,
    "bottomLineNetIncome": -2200000,
    "eps": -0.0071,
    "epsDiluted": -0.0071,
    "weightedAverageShsOut": 310000000,
    "weightedAverageShsOutDil": 310000000
  },
  {
    "date": "1990-11-30",
    "symbol": "MU",
    "reportedCurrency": "USD",
    "cik": "0000723125",
    "filingDate": "1990-11-30",
    "acceptedDate": "1990-11-30 00:00:00",
    "fiscalYear": "1991",
    "period": "Q1",
    "revenue": 80300000,
    "costOfRevenue": 48800000,
    "grossProfit": 31500000,
    "researchAndDevelopmentExpenses": 0,
    "generalAndAdministrativeExpenses": 0,
    "sellingAndMarketingExpenses": 0,
    "sellingGeneralAndAdministrativeExpenses": 21000000,
    "otherExpenses": 26200000,
    "operatingExpenses": 47200000,
    "costAndExpenses": 96000000,
    "netInterestIncome": 0,
    "interestIncome": 0,
    "interestExpense": 0,
    "depreciationAndAmortization": 26200000,
    "ebitda": 10500000,
    "ebit": -15700000,
    "nonOperatingIncomeExcludingInterest": 0,
    "operatingIncome": -15700000,
    "totalOtherIncomeExpensesNet": -900000,
    "incomeBeforeTax": -16600000,
    "incomeTaxExpense": -7300000,
    "netIncomeFromContinuingOperations": -9300000,
    "netIncomeFromDiscontinuedOperations": 0,
    "otherAdjustmentsToNetIncome": 0,
    "netIncome": -9300000,
    "netIncomeDeductions": 0,
    "bottomLineNetIncome": -9300000,
    "eps": -0.03,
    "epsDiluted": -0.03,
    "weightedAverageShsOut": 310000000,
    "weightedAverageShsOutDil": 310000000
  },
  {
    "date": "1990-08-31",
    "symbol": "MU",
    "reportedCurrency": "USD",
    "cik": "0000723125",
    "filingDate": "1990-08-31",
    "acceptedDate": "1990-08-31 00:00:00",
    "fiscalYear": "1990",
    "period": "Q4",
    "revenue": 105300000,
    "costOfRevenue": 60000000,
    "grossProfit": 45300000,
    "researchAndDevelopmentExpenses": 0,
    "generalAndAdministrativeExpenses": 0,
    "sellingAndMarketingExpenses": 0,
    "sellingGeneralAndAdministrativeExpenses": 18600000,
    "otherExpenses": 21300000,
    "operatingExpenses": 39900000,
    "costAndExpenses": 99900000,
    "netInterestIncome": 0,
    "interestIncome": 0,
    "interestExpense": 0,
    "depreciationAndAmortization": 21300000,
    "ebitda": 26700000,
    "ebit": 5400000,
    "nonOperatingIncomeExcludingInterest": 0,
    "operatingIncome": 5400000,
    "totalOtherIncomeExpensesNet": -900000,
    "incomeBeforeTax": 4500000,
    "incomeTaxExpense": 1500000,
    "netIncomeFromContinuingOperations": 3000000,
    "netIncomeFromDiscontinuedOperations": 0,
    "otherAdjustmentsToNetIncome": 0,
    "netIncome": 3000000,
    "netIncomeDeductions": 0,
    "bottomLineNetIncome": 3000000,
    "eps": 0.0081,
    "epsDiluted": 0.0081,
    "weightedAverageShsOut": 368572000,
    "weightedAverageShsOutDil": 368572000
  },
  {
    "date": "1990-05-31",
    "symbol": "MU",
    "reportedCurrency": "USD",
    "cik": "0000723125",
    "filingDate": "1990-05-31",
    "acceptedDate": "1990-05-31 00:00:00",
    "fiscalYear": "1990",
    "period": "Q3",
    "revenue": 84100000,
    "costOfRevenue": 44700000,
    "grossProfit": 39400000,
    "researchAndDevelopmentExpenses": 0,
    "generalAndAdministrativeExpenses": 0,
    "sellingAndMarketingExpenses": 0,
    "sellingGeneralAndAdministrativeExpenses": 18600000,
    "otherExpenses": 17000000,
    "operatingExpenses": 35600000,
    "costAndExpenses": 80300000,
    "netInterestIncome": 0,
    "interestIncome": 0,
    "interestExpense": 0,
    "depreciationAndAmortization": 21900000,
    "ebitda": 25700000,
    "ebit": 3800000,
    "nonOperatingIncomeExcludingInterest": 0,
    "operatingIncome": 3800000,
    "totalOtherIncomeExpensesNet": -1000000,
    "incomeBeforeTax": 2800000,
    "incomeTaxExpense": 1000000,
    "netIncomeFromContinuingOperations": 1800000,
    "netIncomeFromDiscontinuedOperations": 0,
    "otherAdjustmentsToNetIncome": 0,
    "netIncome": 1800000,
    "netIncomeDeductions": 0,
    "bottomLineNetIncome": 1800000,
    "eps": 0.01,
    "epsDiluted": 0.01,
    "weightedAverageShsOut": 368572000,
    "weightedAverageShsOutDil": 368572000
  },
  {
    "date": "1990-02-28",
    "symbol": "MU",
    "reportedCurrency": "USD",
    "cik": "0000723125",
    "filingDate": "1990-02-28",
    "acceptedDate": "1990-02-28 00:00:00",
    "fiscalYear": "1990",
    "period": "Q2",
    "revenue": 77500000,
    "costOfRevenue": 44700000,
    "grossProfit": 32800000,
    "researchAndDevelopmentExpenses": 0,
    "generalAndAdministrativeExpenses": 0,
    "sellingAndMarketingExpenses": 0,
    "sellingGeneralAndAdministrativeExpenses": 18900000,
    "otherExpenses": 17500000,
    "operatingExpenses": 36400000,
    "costAndExpenses": 81100000,
    "netInterestIncome": 0,
    "interestIncome": 0,
    "interestExpense": 0,
    "depreciationAndAmortization": 19500000,
    "ebitda": 15900000,
    "ebit": -3600000,
    "nonOperatingIncomeExcludingInterest": 0,
    "operatingIncome": -3600000,
    "totalOtherIncomeExpensesNet": 3600000,
    "incomeBeforeTax": 0,
    "incomeTaxExpense": -4400000,
    "netIncomeFromContinuingOperations": 800000,
    "netIncomeFromDiscontinuedOperations": 0,
    "otherAdjustmentsToNetIncome": 0,
    "netIncome": 800000,
    "netIncomeDeductions": 0,
    "bottomLineNetIncome": 800000,
    "eps": 0.0022,
    "epsDiluted": 0.0022,
    "weightedAverageShsOut": 368116000,
    "weightedAverageShsOutDil": 368116000
  },
  {
    "date": "1989-11-30",
    "symbol": "MU",
    "reportedCurrency": "USD",
    "cik": "0000723125",
    "filingDate": "1989-11-30",
    "acceptedDate": "1989-11-30 00:00:00",
    "fiscalYear": "1990",
    "period": "Q1",
    "revenue": 66500000,
    "costOfRevenue": 35100000,
    "grossProfit": 31400000,
    "researchAndDevelopmentExpenses": 0,
    "generalAndAdministrativeExpenses": 0,
    "sellingAndMarketingExpenses": 0,
    "sellingGeneralAndAdministrativeExpenses": 17400000,
    "otherExpenses": 15600000,
    "operatingExpenses": 33000000,
    "costAndExpenses": 68100000,
    "netInterestIncome": 0,
    "interestIncome": 0,
    "interestExpense": 0,
    "depreciationAndAmortization": 15600000,
    "ebitda": 14000000,
    "ebit": -1600000,
    "nonOperatingIncomeExcludingInterest": 0,
    "operatingIncome": -1600000,
    "totalOtherIncomeExpensesNet": 1600000,
    "incomeBeforeTax": -1600000,
    "incomeTaxExpense": 0,
    "netIncomeFromContinuingOperations": -1600000,
    "netIncomeFromDiscontinuedOperations": 0,
    "otherAdjustmentsToNetIncome": 0,
    "netIncome": -1600000,
    "netIncomeDeductions": 0,
    "bottomLineNetIncome": -1600000,
    "eps": -0.0043495281,
    "epsDiluted": -0.0043495281,
    "weightedAverageShsOut": 367856000,
    "weightedAverageShsOutDil": 367856000
  },
  {
    "date": "1989-08-31",
    "symbol": "MU",
    "reportedCurrency": "USD",
    "cik": "0000723125",
    "filingDate": "1989-08-31",
    "acceptedDate": "1989-08-31 00:00:00",
    "fiscalYear": "1989",
    "period": "Q4",
    "revenue": 103000000,
    "costOfRevenue": 51600000,
    "grossProfit": 51400000,
    "researchAndDevelopmentExpenses": 0,
    "generalAndAdministrativeExpenses": 0,
    "sellingAndMarketingExpenses": 0,
    "sellingGeneralAndAdministrativeExpenses": 18400000,
    "otherExpenses": 13000000,
    "operatingExpenses": 31400000,
    "costAndExpenses": 83000000,
    "netInterestIncome": 0,
    "interestIncome": 0,
    "interestExpense": 0,
    "depreciationAndAmortization": 13000000,
    "ebitda": 33000000,
    "ebit": 20000000,
    "nonOperatingIncomeExcludingInterest": 0,
    "operatingIncome": 20000000,
    "totalOtherIncomeExpensesNet": 3400000,
    "incomeBeforeTax": 23400000,
    "incomeTaxExpense": 7400000,
    "netIncomeFromContinuingOperations": 16000000,
    "netIncomeFromDiscontinuedOperations": 0,
    "otherAdjustmentsToNetIncome": 0,
    "netIncome": 16000000,
    "netIncomeDeductions": 0,
    "bottomLineNetIncome": 16000000,
    "eps": 0.0444,
    "epsDiluted": 0.0444,
    "weightedAverageShsOut": 360000000,
    "weightedAverageShsOutDil": 360000000
  },
  {
    "date": "1989-05-31",
    "symbol": "MU",
    "reportedCurrency": "USD",
    "cik": "0000723125",
    "filingDate": "1989-05-31",
    "acceptedDate": "1989-05-30 20:00:00",
    "fiscalYear": "1989",
    "period": "Q3",
    "revenue": 119200000,
    "costOfRevenue": 52700000,
    "grossProfit": 66500000,
    "researchAndDevelopmentExpenses": 0,
    "generalAndAdministrativeExpenses": 0,
    "sellingAndMarketingExpenses": 0,
    "sellingGeneralAndAdministrativeExpenses": 17200000,
    "otherExpenses": 8500000,
    "operatingExpenses": 25700000,
    "costAndExpenses": 78400000,
    "netInterestIncome": 0,
    "interestIncome": 0,
    "interestExpense": 0,
    "depreciationAndAmortization": 8500000,
    "ebitda": 49300000,
    "ebit": 40800000,
    "nonOperatingIncomeExcludingInterest": 0,
    "operatingIncome": 40800000,
    "totalOtherIncomeExpensesNet": 3900000,
    "incomeBeforeTax": 44700000,
    "incomeTaxExpense": 15900000,
    "netIncomeFromContinuingOperations": 28800000,
    "netIncomeFromDiscontinuedOperations": 0,
    "otherAdjustmentsToNetIncome": 0,
    "netIncome": 28800000,
    "netIncomeDeductions": 0,
    "bottomLineNetIncome": 28800000,
    "eps": 0.08,
    "epsDiluted": 0.08,
    "weightedAverageShsOut": 360000000,
    "weightedAverageShsOutDil": 360000000
  },
  {
    "date": "1989-02-28",
    "symbol": "MU",
    "reportedCurrency": "USD",
    "cik": "0000723125",
    "filingDate": "1989-02-28",
    "acceptedDate": "1989-02-27 19:00:00",
    "fiscalYear": "1989",
    "period": "Q2",
    "revenue": 113800000,
    "costOfRevenue": 0,
    "grossProfit": 113800000,
    "researchAndDevelopmentExpenses": 0,
    "generalAndAdministrativeExpenses": 0,
    "sellingAndMarketingExpenses": 0,
    "sellingGeneralAndAdministrativeExpenses": 0,
    "otherExpenses": 0,
    "operatingExpenses": 0,
    "costAndExpenses": 0,
    "netInterestIncome": 0,
    "interestIncome": 0,
    "interestExpense": 0,
    "depreciationAndAmortization": 0,
    "ebitda": 113800000,
    "ebit": 113800000,
    "nonOperatingIncomeExcludingInterest": 0,
    "operatingIncome": 113800000,
    "totalOtherIncomeExpensesNet": -113800000,
    "incomeBeforeTax": 0,
    "incomeTaxExpense": 0,
    "netIncomeFromContinuingOperations": 29200000,
    "netIncomeFromDiscontinuedOperations": 0,
    "otherAdjustmentsToNetIncome": 0,
    "netIncome": 29200000,
    "netIncomeDeductions": 0,
    "bottomLineNetIncome": 29200000,
    "eps": 0.08,
    "epsDiluted": 0.08,
    "weightedAverageShsOut": 357777778,
    "weightedAverageShsOutDil": 357777778
  },
  {
    "date": "1988-11-30",
    "symbol": "MU",
    "reportedCurrency": "USD",
    "cik": "0000723125",
    "filingDate": "1988-11-30",
    "acceptedDate": "1988-11-30 00:00:00",
    "fiscalYear": "1989",
    "period": "Q1",
    "revenue": 110400000,
    "costOfRevenue": 30900000,
    "grossProfit": 79500000,
    "researchAndDevelopmentExpenses": 0,
    "generalAndAdministrativeExpenses": 0,
    "sellingAndMarketingExpenses": 0,
    "sellingGeneralAndAdministrativeExpenses": 24300000,
    "otherExpenses": 7400000,
    "operatingExpenses": 31700000,
    "costAndExpenses": 62600000,
    "netInterestIncome": 0,
    "interestIncome": 0,
    "interestExpense": 0,
    "depreciationAndAmortization": 7400000,
    "ebitda": 55200000,
    "ebit": 47800000,
    "nonOperatingIncomeExcludingInterest": 0,
    "operatingIncome": 47800000,
    "totalOtherIncomeExpensesNet": 3900000,
    "incomeBeforeTax": 51700000,
    "incomeTaxExpense": 19500000,
    "netIncomeFromContinuingOperations": 32200000,
    "netIncomeFromDiscontinuedOperations": 0,
    "otherAdjustmentsToNetIncome": 0,
    "netIncome": 32200000,
    "netIncomeDeductions": 0,
    "bottomLineNetIncome": 32200000,
    "eps": 0.09,
    "epsDiluted": 0.09,
    "weightedAverageShsOut": 357777778,
    "weightedAverageShsOutDil": 357777778
  },
  {
    "date": "1988-08-31",
    "symbol": "MU",
    "reportedCurrency": "USD",
    "cik": "0000723125",
    "filingDate": "1988-08-31",
    "acceptedDate": "1988-08-30 20:00:00",
    "fiscalYear": "1988",
    "period": "Q4",
    "revenue": 113400000,
    "costOfRevenue": 0,
    "grossProfit": 113400000,
    "researchAndDevelopmentExpenses": 0,
    "generalAndAdministrativeExpenses": 0,
    "sellingAndMarketingExpenses": 0,
    "sellingGeneralAndAdministrativeExpenses": 0,
    "otherExpenses": -181600000,
    "operatingExpenses": -181600000,
    "costAndExpenses": -181600000,
    "netInterestIncome": 0,
    "interestIncome": 0,
    "interestExpense": 0,
    "depreciationAndAmortization": 0,
    "ebitda": -68200000,
    "ebit": -68200000,
    "nonOperatingIncomeExcludingInterest": 0,
    "operatingIncome": -68200000,
    "totalOtherIncomeExpensesNet": 68200000,
    "incomeBeforeTax": 0,
    "incomeTaxExpense": 0,
    "netIncomeFromContinuingOperations": 43300000,
    "netIncomeFromDiscontinuedOperations": 0,
    "otherAdjustmentsToNetIncome": 0,
    "netIncome": 43300000,
    "netIncomeDeductions": 0,
    "bottomLineNetIncome": 43300000,
    "eps": 0.14,
    "epsDiluted": 0.14,
    "weightedAverageShsOut": 298100000,
    "weightedAverageShsOutDil": 298100000
  },
  {
    "date": "1988-05-31",
    "symbol": "MU",
    "reportedCurrency": "USD",
    "cik": "0000723125",
    "filingDate": "1988-05-31",
    "acceptedDate": "1988-05-30 20:00:00",
    "fiscalYear": "1988",
    "period": "Q3",
    "revenue": 85600000,
    "costOfRevenue": 0,
    "grossProfit": 85600000,
    "researchAndDevelopmentExpenses": 0,
    "generalAndAdministrativeExpenses": 0,
    "sellingAndMarketingExpenses": 0,
    "sellingGeneralAndAdministrativeExpenses": 0,
    "otherExpenses": 0,
    "operatingExpenses": 0,
    "costAndExpenses": 0,
    "netInterestIncome": 0,
    "interestIncome": 0,
    "interestExpense": 0,
    "depreciationAndAmortization": 0,
    "ebitda": 85600000,
    "ebit": 85600000,
    "nonOperatingIncomeExcludingInterest": 0,
    "operatingIncome": 85600000,
    "totalOtherIncomeExpensesNet": -85600000,
    "incomeBeforeTax": 0,
    "incomeTaxExpense": 0,
    "netIncomeFromContinuingOperations": 29300000,
    "netIncomeFromDiscontinuedOperations": 0,
    "otherAdjustmentsToNetIncome": 0,
    "netIncome": 29300000,
    "netIncomeDeductions": 0,
    "bottomLineNetIncome": 29300000,
    "eps": 0.1,
    "epsDiluted": 0.1,
    "weightedAverageShsOut": 298100000,
    "weightedAverageShsOutDil": 298100000
  },
  {
    "date": "1988-02-29",
    "symbol": "MU",
    "reportedCurrency": "USD",
    "cik": "0000723125",
    "filingDate": "1988-02-29",
    "acceptedDate": "1988-02-28 19:00:00",
    "fiscalYear": "1988",
    "period": "Q2",
    "revenue": 58300000,
    "costOfRevenue": 0,
    "grossProfit": 58300000,
    "researchAndDevelopmentExpenses": 0,
    "generalAndAdministrativeExpenses": 0,
    "sellingAndMarketingExpenses": 0,
    "sellingGeneralAndAdministrativeExpenses": 0,
    "otherExpenses": 0,
    "operatingExpenses": 0,
    "costAndExpenses": 0,
    "netInterestIncome": 0,
    "interestIncome": 0,
    "interestExpense": 0,
    "depreciationAndAmortization": 0,
    "ebitda": 58300000,
    "ebit": 58300000,
    "nonOperatingIncomeExcludingInterest": 0,
    "operatingIncome": 58300000,
    "totalOtherIncomeExpensesNet": -58300000,
    "incomeBeforeTax": 0,
    "incomeTaxExpense": 0,
    "netIncomeFromContinuingOperations": 16900000,
    "netIncomeFromDiscontinuedOperations": 0,
    "otherAdjustmentsToNetIncome": 0,
    "netIncome": 16900000,
    "netIncomeDeductions": 0,
    "bottomLineNetIncome": 16900000,
    "eps": 0.07,
    "epsDiluted": 0.06,
    "weightedAverageShsOut": 258100000,
    "weightedAverageShsOutDil": 258100000
  },
  {
    "date": "1987-11-30",
    "symbol": "MU",
    "reportedCurrency": "USD",
    "cik": "0000723125",
    "filingDate": "1987-11-30",
    "acceptedDate": "1987-11-29 19:00:00",
    "fiscalYear": "1988",
    "period": "Q1",
    "revenue": 43200000,
    "costOfRevenue": 0,
    "grossProfit": 43200000,
    "researchAndDevelopmentExpenses": 0,
    "generalAndAdministrativeExpenses": 0,
    "sellingAndMarketingExpenses": 0,
    "sellingGeneralAndAdministrativeExpenses": 0,
    "otherExpenses": 0,
    "operatingExpenses": 0,
    "costAndExpenses": 0,
    "netInterestIncome": 0,
    "interestIncome": 0,
    "interestExpense": 0,
    "depreciationAndAmortization": 0,
    "ebitda": 43200000,
    "ebit": 43200000,
    "nonOperatingIncomeExcludingInterest": 0,
    "operatingIncome": 43200000,
    "totalOtherIncomeExpensesNet": -43200000,
    "incomeBeforeTax": 0,
    "incomeTaxExpense": 0,
    "netIncomeFromContinuingOperations": 8400000,
    "netIncomeFromDiscontinuedOperations": 0,
    "otherAdjustmentsToNetIncome": 0,
    "netIncome": 8400000,
    "netIncomeDeductions": 0,
    "bottomLineNetIncome": 8400000,
    "eps": 0.04,
    "epsDiluted": 0.04,
    "weightedAverageShsOut": 258100000,
    "weightedAverageShsOutDil": 258100000
  },
  {
    "date": "1987-08-31",
    "symbol": "MU",
    "reportedCurrency": "USD",
    "cik": "0000723125",
    "filingDate": "1987-08-31",
    "acceptedDate": "1987-08-30 20:00:00",
    "fiscalYear": "1987",
    "period": "Q4",
    "revenue": 29500000,
    "costOfRevenue": 0,
    "grossProfit": 29500000,
    "researchAndDevelopmentExpenses": 0,
    "generalAndAdministrativeExpenses": 0,
    "sellingAndMarketingExpenses": 0,
    "sellingGeneralAndAdministrativeExpenses": 0,
    "otherExpenses": -109400000,
    "operatingExpenses": -109400000,
    "costAndExpenses": -109400000,
    "netInterestIncome": 0,
    "interestIncome": 0,
    "interestExpense": 0,
    "depreciationAndAmortization": 0,
    "ebitda": -79900000,
    "ebit": -79900000,
    "nonOperatingIncomeExcludingInterest": 0,
    "operatingIncome": -79900000,
    "totalOtherIncomeExpensesNet": 79900000,
    "incomeBeforeTax": 0,
    "incomeTaxExpense": 0,
    "netIncomeFromContinuingOperations": 1500000,
    "netIncomeFromDiscontinuedOperations": 0,
    "otherAdjustmentsToNetIncome": 0,
    "netIncome": 1500000,
    "netIncomeDeductions": 0,
    "bottomLineNetIncome": 1500000,
    "eps": 0.0058504165,
    "epsDiluted": 0.0058504165,
    "weightedAverageShsOut": 256392000,
    "weightedAverageShsOutDil": 256392000
  },
  {
    "date": "1987-05-31",
    "symbol": "MU",
    "reportedCurrency": "USD",
    "cik": "0000723125",
    "filingDate": "1987-05-31",
    "acceptedDate": "1987-05-30 20:00:00",
    "fiscalYear": "1987",
    "period": "Q3",
    "revenue": 22800000,
    "costOfRevenue": 0,
    "grossProfit": 22800000,
    "researchAndDevelopmentExpenses": 0,
    "generalAndAdministrativeExpenses": 0,
    "sellingAndMarketingExpenses": 0,
    "sellingGeneralAndAdministrativeExpenses": 0,
    "otherExpenses": 0,
    "operatingExpenses": 0,
    "costAndExpenses": 0,
    "netInterestIncome": 0,
    "interestIncome": 0,
    "interestExpense": 0,
    "depreciationAndAmortization": 0,
    "ebitda": 22800000,
    "ebit": 22800000,
    "nonOperatingIncomeExcludingInterest": 0,
    "operatingIncome": 22800000,
    "totalOtherIncomeExpensesNet": -22800000,
    "incomeBeforeTax": 0,
    "incomeTaxExpense": 0,
    "netIncomeFromContinuingOperations": -3700000,
    "netIncomeFromDiscontinuedOperations": 0,
    "otherAdjustmentsToNetIncome": 0,
    "netIncome": -3700000,
    "netIncomeDeductions": 0,
    "bottomLineNetIncome": -3700000,
    "eps": -0.02,
    "epsDiluted": -0.02,
    "weightedAverageShsOut": 256392000,
    "weightedAverageShsOutDil": 256392000
  },
  {
    "date": "1987-02-28",
    "symbol": "MU",
    "reportedCurrency": "USD",
    "cik": "0000723125",
    "filingDate": "1987-02-28",
    "acceptedDate": "1987-02-27 19:00:00",
    "fiscalYear": "1987",
    "period": "Q2",
    "revenue": 20100000,
    "costOfRevenue": 0,
    "grossProfit": 20100000,
    "researchAndDevelopmentExpenses": 0,
    "generalAndAdministrativeExpenses": 0,
    "sellingAndMarketingExpenses": 0,
    "sellingGeneralAndAdministrativeExpenses": 0,
    "otherExpenses": 0,
    "operatingExpenses": 0,
    "costAndExpenses": 0,
    "netInterestIncome": 0,
    "interestIncome": 0,
    "interestExpense": 0,
    "depreciationAndAmortization": 0,
    "ebitda": 20100000,
    "ebit": 20100000,
    "nonOperatingIncomeExcludingInterest": 0,
    "operatingIncome": 20100000,
    "totalOtherIncomeExpensesNet": -20100000,
    "incomeBeforeTax": 0,
    "incomeTaxExpense": 0,
    "netIncomeFromContinuingOperations": -10900000,
    "netIncomeFromDiscontinuedOperations": 0,
    "otherAdjustmentsToNetIncome": 0,
    "netIncome": -10900000,
    "netIncomeDeductions": 0,
    "bottomLineNetIncome": -10900000,
    "eps": -0.05,
    "epsDiluted": -0.05,
    "weightedAverageShsOut": 256392000,
    "weightedAverageShsOutDil": 256392000
  },
  {
    "date": "1986-11-30",
    "symbol": "MU",
    "reportedCurrency": "USD",
    "cik": "0000723125",
    "filingDate": "1986-11-30",
    "acceptedDate": "1986-11-29 19:00:00",
    "fiscalYear": "1987",
    "period": "Q1",
    "revenue": 18800000,
    "costOfRevenue": 0,
    "grossProfit": 18800000,
    "researchAndDevelopmentExpenses": 0,
    "generalAndAdministrativeExpenses": 0,
    "sellingAndMarketingExpenses": 0,
    "sellingGeneralAndAdministrativeExpenses": 0,
    "otherExpenses": 0,
    "operatingExpenses": 0,
    "costAndExpenses": 0,
    "netInterestIncome": 0,
    "interestIncome": 0,
    "interestExpense": 0,
    "depreciationAndAmortization": 0,
    "ebitda": 18800000,
    "ebit": 18800000,
    "nonOperatingIncomeExcludingInterest": 0,
    "operatingIncome": 18800000,
    "totalOtherIncomeExpensesNet": -18800000,
    "incomeBeforeTax": 0,
    "incomeTaxExpense": 0,
    "netIncomeFromContinuingOperations": -9700000,
    "netIncomeFromDiscontinuedOperations": 0,
    "otherAdjustmentsToNetIncome": 0,
    "netIncome": -9700000,
    "netIncomeDeductions": 0,
    "bottomLineNetIncome": -9700000,
    "eps": -0.05,
    "epsDiluted": -0.05,
    "weightedAverageShsOut": 212212000,
    "weightedAverageShsOutDil": 212212000
  },
  {
    "date": "1986-08-31",
    "symbol": "MU",
    "reportedCurrency": "USD",
    "cik": "0000723125",
    "filingDate": "1986-08-31",
    "acceptedDate": "1986-08-30 20:00:00",
    "fiscalYear": "1986",
    "period": "Q4",
    "revenue": 20000000,
    "costOfRevenue": 0,
    "grossProfit": 20000000,
    "researchAndDevelopmentExpenses": 0,
    "generalAndAdministrativeExpenses": 0,
    "sellingAndMarketingExpenses": 0,
    "sellingGeneralAndAdministrativeExpenses": 0,
    "otherExpenses": -77500000,
    "operatingExpenses": -77500000,
    "costAndExpenses": -77500000,
    "netInterestIncome": 0,
    "interestIncome": 0,
    "interestExpense": 0,
    "depreciationAndAmortization": 0,
    "ebitda": -57500000,
    "ebit": -57500000,
    "nonOperatingIncomeExcludingInterest": 0,
    "operatingIncome": -57500000,
    "totalOtherIncomeExpensesNet": 57500000,
    "incomeBeforeTax": 0,
    "incomeTaxExpense": 0,
    "netIncomeFromContinuingOperations": -5800000,
    "netIncomeFromDiscontinuedOperations": 0,
    "otherAdjustmentsToNetIncome": 0,
    "netIncome": -5800000,
    "netIncomeDeductions": 0,
    "bottomLineNetIncome": -5800000,
    "eps": -0.03,
    "epsDiluted": -0.03,
    "weightedAverageShsOut": 191820000,
    "weightedAverageShsOutDil": 191820000
  },
  {
    "date": "1986-05-31",
    "symbol": "MU",
    "reportedCurrency": "USD",
    "cik": "0000723125",
    "filingDate": "1986-05-31",
    "acceptedDate": "1986-05-30 20:00:00",
    "fiscalYear": "1986",
    "period": "Q3",
    "revenue": 14400000,
    "costOfRevenue": 0,
    "grossProfit": 14400000,
    "researchAndDevelopmentExpenses": 0,
    "generalAndAdministrativeExpenses": 0,
    "sellingAndMarketingExpenses": 0,
    "sellingGeneralAndAdministrativeExpenses": 0,
    "otherExpenses": 0,
    "operatingExpenses": 0,
    "costAndExpenses": 0,
    "netInterestIncome": 0,
    "interestIncome": 0,
    "interestExpense": 0,
    "depreciationAndAmortization": 0,
    "ebitda": 14400000,
    "ebit": 14400000,
    "nonOperatingIncomeExcludingInterest": 0,
    "operatingIncome": 14400000,
    "totalOtherIncomeExpensesNet": -14400000,
    "incomeBeforeTax": 0,
    "incomeTaxExpense": 0,
    "netIncomeFromContinuingOperations": -6700000,
    "netIncomeFromDiscontinuedOperations": 0,
    "otherAdjustmentsToNetIncome": 0,
    "netIncome": -6700000,
    "netIncomeDeductions": 0,
    "bottomLineNetIncome": -6700000,
    "eps": -0.04,
    "epsDiluted": -0.04,
    "weightedAverageShsOut": 191820000,
    "weightedAverageShsOutDil": 191820000
  },
  {
    "date": "1986-02-28",
    "symbol": "MU",
    "reportedCurrency": "USD",
    "cik": "0000723125",
    "filingDate": "1986-02-28",
    "acceptedDate": "1986-02-27 19:00:00",
    "fiscalYear": "1986",
    "period": "Q2",
    "revenue": 9400000,
    "costOfRevenue": 0,
    "grossProfit": 9400000,
    "researchAndDevelopmentExpenses": 0,
    "generalAndAdministrativeExpenses": 0,
    "sellingAndMarketingExpenses": 0,
    "sellingGeneralAndAdministrativeExpenses": 0,
    "otherExpenses": 0,
    "operatingExpenses": 0,
    "costAndExpenses": 0,
    "netInterestIncome": 0,
    "interestIncome": 0,
    "interestExpense": 0,
    "depreciationAndAmortization": 0,
    "ebitda": 9400000,
    "ebit": 9400000,
    "nonOperatingIncomeExcludingInterest": 0,
    "operatingIncome": 9400000,
    "totalOtherIncomeExpensesNet": -9400000,
    "incomeBeforeTax": 0,
    "incomeTaxExpense": 0,
    "netIncomeFromContinuingOperations": -9800000,
    "netIncomeFromDiscontinuedOperations": 0,
    "otherAdjustmentsToNetIncome": 0,
    "netIncome": -9800000,
    "netIncomeDeductions": 0,
    "bottomLineNetIncome": -9800000,
    "eps": -0.05,
    "epsDiluted": -0.05,
    "weightedAverageShsOut": 191820000,
    "weightedAverageShsOutDil": 191820000
  },
  {
    "date": "1985-11-30",
    "symbol": "MU",
    "reportedCurrency": "USD",
    "cik": "0000723125",
    "filingDate": "1985-11-30",
    "acceptedDate": "1985-11-29 19:00:00",
    "fiscalYear": "1986",
    "period": "Q1",
    "revenue": 5000000,
    "costOfRevenue": 0,
    "grossProfit": 5000000,
    "researchAndDevelopmentExpenses": 0,
    "generalAndAdministrativeExpenses": 0,
    "sellingAndMarketingExpenses": 0,
    "sellingGeneralAndAdministrativeExpenses": 0,
    "otherExpenses": 0,
    "operatingExpenses": 0,
    "costAndExpenses": 0,
    "netInterestIncome": 0,
    "interestIncome": 0,
    "interestExpense": 0,
    "depreciationAndAmortization": 0,
    "ebitda": 5000000,
    "ebit": 5000000,
    "nonOperatingIncomeExcludingInterest": 0,
    "operatingIncome": 5000000,
    "totalOtherIncomeExpensesNet": -5000000,
    "incomeBeforeTax": 0,
    "incomeTaxExpense": 0,
    "netIncomeFromContinuingOperations": -11600000,
    "netIncomeFromDiscontinuedOperations": 0,
    "otherAdjustmentsToNetIncome": 0,
    "netIncome": -11600000,
    "netIncomeDeductions": 0,
    "bottomLineNetIncome": -11600000,
    "eps": -0.06,
    "epsDiluted": -0.06,
    "weightedAverageShsOut": 191600000,
    "weightedAverageShsOutDil": 191600000
  },
  {
    "date": "1985-08-31",
    "symbol": "MU",
    "reportedCurrency": "USD",
    "cik": "0000723125",
    "filingDate": "1985-08-31",
    "acceptedDate": "1985-08-30 20:00:00",
    "fiscalYear": "1985",
    "period": "Q4",
    "revenue": 6200000,
    "costOfRevenue": 0,
    "grossProfit": 6200000,
    "researchAndDevelopmentExpenses": 0,
    "generalAndAdministrativeExpenses": 0,
    "sellingAndMarketingExpenses": 0,
    "sellingGeneralAndAdministrativeExpenses": 0,
    "otherExpenses": -80700000,
    "operatingExpenses": -80700000,
    "costAndExpenses": -80700000,
    "netInterestIncome": 0,
    "interestIncome": 0,
    "interestExpense": 0,
    "depreciationAndAmortization": 0,
    "ebitda": -74500000,
    "ebit": -74500000,
    "nonOperatingIncomeExcludingInterest": 0,
    "operatingIncome": -74500000,
    "totalOtherIncomeExpensesNet": 74500000,
    "incomeBeforeTax": 0,
    "incomeTaxExpense": 0,
    "netIncomeFromContinuingOperations": -7300000,
    "netIncomeFromDiscontinuedOperations": 0,
    "otherAdjustmentsToNetIncome": 0,
    "netIncome": -7300000,
    "netIncomeDeductions": 0,
    "bottomLineNetIncome": -7300000,
    "eps": -0.039,
    "epsDiluted": -0.039,
    "weightedAverageShsOut": 191600000,
    "weightedAverageShsOutDil": 191600000
  }
]