[
  {
    "date": "2025-11-30",
    "symbol": "ORCL",
    "reportedCurrency": "USD",
    "cik": "0001341439",
    "filingDate": "2025-12-11",
    "acceptedDate": "2025-12-11 16:07:47",
    "fiscalYear": "2026",
    "period": "Q2",
    "revenue": 16058000000,
    "costOfRevenue": 5374000000,
    "grossProfit": 10684000000,
    "researchAndDevelopmentExpenses": 2561000000,
    "generalAndAdministrativeExpenses": 409000000,
    "sellingAndMarketingExpenses": 2149000000,
    "sellingGeneralAndAdministrativeExpenses": 2558000000,
    "otherExpenses": 834000000,
    "operatingExpenses": 5953000000,
    "costAndExpenses": 11327000000,
    "netInterestIncome": -865000000,
    "interestIncome": 192000000,
    "interestExpense": 1057000000,
    "depreciationAndAmortization": 2110000000,
    "ebitda": 9509000000,
    "ebit": 7399000000,
    "nonOperatingIncomeExcludingInterest": -2668000000,
    "operatingIncome": 4731000000,
    "totalOtherIncomeExpensesNet": 1611000000,
    "incomeBeforeTax": 6342000000,
    "incomeTaxExpense": 207000000,
    "netIncomeFromContinuingOperations": 6135000000,
    "netIncomeFromDiscontinuedOperations": 0,
    "otherAdjustmentsToNetIncome": 0,
    "netIncome": 6135000000,
    "netIncomeDeductions": 0,
    "bottomLineNetIncome": 6135000000,
    "eps": 2.15,
    "epsDiluted": 2.1,
    "weightedAverageShsOut": 2864000000,
    "weightedAverageShsOutDil": 2922000000
  },
  {
    "date": "2025-08-31",
    "symbol": "ORCL",
    "reportedCurrency": "USD",
    "cik": "0001341439",
    "filingDate": "2025-09-10",
    "acceptedDate": "2025-09-10 16:11:23",
    "fiscalYear": "2026",
    "period": "Q1",
    "revenue": 14926000000,
    "costOfRevenue": 4884000000,
    "grossProfit": 10042000000,
    "researchAndDevelopmentExpenses": 2491000000,
    "generalAndAdministrativeExpenses": 376000000,
    "sellingAndMarketingExpenses": 2063000000,
    "sellingGeneralAndAdministrativeExpenses": 2439000000,
    "otherExpenses": 835000000,
    "operatingExpenses": 5765000000,
    "costAndExpenses": 10649000000,
    "netInterestIncome": -850000000,
    "interestIncome": 73000000,
    "interestExpense": 923000000,
    "depreciationAndAmortization": 420000000,
    "ebitda": 4770000000,
    "ebit": 4350000000,
    "nonOperatingIncomeExcludingInterest": -73000000,
    "operatingIncome": 4277000000,
    "totalOtherIncomeExpensesNet": -850000000,
    "incomeBeforeTax": 3427000000,
    "incomeTaxExpense": 500000000,
    "netIncomeFromContinuingOperations": 2927000000,
    "netIncomeFromDiscontinuedOperations": 0,
    "otherAdjustmentsToNetIncome": 0,
    "netIncome": 2927000000,
    "netIncomeDeductions": 0,
    "bottomLineNetIncome": 2927000000,
    "eps": 1.04,
    "epsDiluted": 1.01,
    "weightedAverageShsOut": 2826000000,
    "weightedAverageShsOutDil": 2909000000
  },
  {
    "date": "2025-05-31",
    "symbol": "ORCL",
    "reportedCurrency": "USD",
    "cik": "0001341439",
    "filingDate": "2025-06-18",
    "acceptedDate": "2025-06-18 16:31:22",
    "fiscalYear": "2025",
    "period": "Q4",
    "revenue": 15903000000,
    "costOfRevenue": 4740000000,
    "grossProfit": 11162000000,
    "researchAndDevelopmentExpenses": 2654000000,
    "generalAndAdministrativeExpenses": 467000000,
    "sellingAndMarketingExpenses": 2306000000,
    "sellingGeneralAndAdministrativeExpenses": 2773000000,
    "otherExpenses": 626000000,
    "operatingExpenses": 6053000000,
    "costAndExpenses": 10794000000,
    "netInterestIncome": -818000000,
    "interestIncome": 160000000,
    "interestExpense": 978000000,
    "depreciationAndAmortization": 1696000000,
    "ebitda": 6826000000,
    "ebit": 5130000000,
    "nonOperatingIncomeExcludingInterest": -21000000,
    "operatingIncome": 5109000000,
    "totalOtherIncomeExpensesNet": -958000000,
    "incomeBeforeTax": 4151000000,
    "incomeTaxExpense": 724000000,
    "netIncomeFromContinuingOperations": 3427000000,
    "netIncomeFromDiscontinuedOperations": 0,
    "otherAdjustmentsToNetIncome": 0,
    "netIncome": 3427000000,
    "netIncomeDeductions": 0,
    "bottomLineNetIncome": 3427000000,
    "eps": 1.22,
    "epsDiluted": 1.19,
    "weightedAverageShsOut": 2805000000,
    "weightedAverageShsOutDil": 2871000000
  },
  {
    "date": "2025-02-28",
    "symbol": "ORCL",
    "reportedCurrency": "USD",
    "cik": "0001341439",
    "filingDate": "2025-03-11",
    "acceptedDate": "2025-03-11 16:11:43",
    "fiscalYear": "2025",
    "period": "Q3",
    "revenue": 14130000000,
    "costOfRevenue": 4195000000,
    "grossProfit": 9935000000,
    "researchAndDevelopmentExpenses": 2429000000,
    "generalAndAdministrativeExpenses": 390000000,
    "sellingAndMarketingExpenses": 2119000000,
    "sellingGeneralAndAdministrativeExpenses": 2509000000,
    "otherExpenses": 639000000,
    "operatingExpenses": 5577000000,
    "costAndExpenses": 9772000000,
    "netInterestIncome": -757000000,
    "interestIncome": 135000000,
    "interestExpense": 892000000,
    "depreciationAndAmortization": 1551000000,
    "ebitda": 5891000000,
    "ebit": 4340000000,
    "nonOperatingIncomeExcludingInterest": 18000000,
    "operatingIncome": 4358000000,
    "totalOtherIncomeExpensesNet": -910000000,
    "incomeBeforeTax": 3448000000,
    "incomeTaxExpense": 512000000,
    "netIncomeFromContinuingOperations": 2936000000,
    "netIncomeFromDiscontinuedOperations": 0,
    "otherAdjustmentsToNetIncome": 0,
    "netIncome": 2936000000,
    "netIncomeDeductions": 0,
    "bottomLineNetIncome": 2936000000,
    "eps": 1.05,
    "epsDiluted": 1.02,
    "weightedAverageShsOut": 2799000000,
    "weightedAverageShsOutDil": 2874000000
  },
  {
    "date": "2024-11-30",
    "symbol": "ORCL",
    "reportedCurrency": "USD",
    "cik": "0001341439",
    "filingDate": "2024-12-10",
    "acceptedDate": "2024-12-10 16:11:21",
    "fiscalYear": "2025",
    "period": "Q2",
    "revenue": 14059000000,
    "costOfRevenue": 4085000000,
    "grossProfit": 9974000000,
    "researchAndDevelopmentExpenses": 2471000000,
    "generalAndAdministrativeExpenses": 387000000,
    "sellingAndMarketingExpenses": 2190000000,
    "sellingGeneralAndAdministrativeExpenses": 2577000000,
    "otherExpenses": 706000000,
    "operatingExpenses": 5754000000,
    "costAndExpenses": 9839000000,
    "netInterestIncome": -717000000,
    "interestIncome": 149000000,
    "interestExpense": 866000000,
    "depreciationAndAmortization": 1499000000,
    "ebitda": 5755000000,
    "ebit": 4256000000,
    "nonOperatingIncomeExcludingInterest": -36000000,
    "operatingIncome": 4220000000,
    "totalOtherIncomeExpensesNet": -830000000,
    "incomeBeforeTax": 3390000000,
    "incomeTaxExpense": 239000000,
    "netIncomeFromContinuingOperations": 3151000000,
    "netIncomeFromDiscontinuedOperations": 0,
    "otherAdjustmentsToNetIncome": 0,
    "netIncome": 3151000000,
    "netIncomeDeductions": 0,
    "bottomLineNetIncome": 3151000000,
    "eps": 1.13,
    "epsDiluted": 1.1,
    "weightedAverageShsOut": 2790000000,
    "weightedAverageShsOutDil": 2869000000
  },
  {
    "date": "2024-08-31",
    "symbol": "ORCL",
    "reportedCurrency": "USD",
    "cik": "0001341439",
    "filingDate": "2024-09-10",
    "acceptedDate": "2024-09-10 06:05:11",
    "fiscalYear": "2025",
    "period": "Q1",
    "revenue": 13307000000,
    "costOfRevenue": 3906000000,
    "grossProfit": 9401000000,
    "researchAndDevelopmentExpenses": 2306000000,
    "generalAndAdministrativeExpenses": 358000000,
    "sellingAndMarketingExpenses": 2036000000,
    "sellingGeneralAndAdministrativeExpenses": 2394000000,
    "otherExpenses": 710000000,
    "operatingExpenses": 5410000000,
    "costAndExpenses": 9316000000,
    "netInterestIncome": -709000000,
    "interestIncome": 133000000,
    "interestExpense": 842000000,
    "depreciationAndAmortization": 1428000000,
    "ebitda": 5439000000,
    "ebit": 4011000000,
    "nonOperatingIncomeExcludingInterest": -20000000,
    "operatingIncome": 3991000000,
    "totalOtherIncomeExpensesNet": -822000000,
    "incomeBeforeTax": 3169000000,
    "incomeTaxExpense": 240000000,
    "netIncomeFromContinuingOperations": 2929000000,
    "netIncomeFromDiscontinuedOperations": 0,
    "otherAdjustmentsToNetIncome": 0,
    "netIncome": 2929000000,
    "netIncomeDeductions": 0,
    "bottomLineNetIncome": 2929000000,
    "eps": 1.06,
    "epsDiluted": 1.03,
    "weightedAverageShsOut": 2761000000,
    "weightedAverageShsOutDil": 2851000000
  },
  {
    "date": "2024-05-31",
    "symbol": "ORCL",
    "reportedCurrency": "USD",
    "cik": "0001341439",
    "filingDate": "2024-06-20",
    "acceptedDate": "2024-06-20 16:21:35",
    "fiscalYear": "2024",
    "period": "Q4",
    "revenue": 14287000000,
    "costOfRevenue": 3924000000,
    "grossProfit": 10363000000,
    "researchAndDevelopmentExpenses": 2226000000,
    "generalAndAdministrativeExpenses": 402000000,
    "sellingAndMarketingExpenses": 2113000000,
    "sellingGeneralAndAdministrativeExpenses": 2515000000,
    "otherExpenses": 936000000,
    "operatingExpenses": 5677000000,
    "costAndExpenses": 9601000000,
    "netInterestIncome": -807000000,
    "interestIncome": 71000000,
    "interestExpense": 878000000,
    "depreciationAndAmortization": 1554000000,
    "ebitda": 6214000000,
    "ebit": 4660000000,
    "nonOperatingIncomeExcludingInterest": 26000000,
    "operatingIncome": 4686000000,
    "totalOtherIncomeExpensesNet": -904000000,
    "incomeBeforeTax": 3782000000,
    "incomeTaxExpense": 639000000,
    "netIncomeFromContinuingOperations": 3144000000,
    "netIncomeFromDiscontinuedOperations": 0,
    "otherAdjustmentsToNetIncome": 0,
    "netIncome": 3144000000,
    "netIncomeDeductions": 0,
    "bottomLineNetIncome": 3144000000,
    "eps": 1.14,
    "epsDiluted": 1.11,
    "weightedAverageShsOut": 2753000000,
    "weightedAverageShsOutDil": 2834000000
  },
  {
    "date": "2024-02-29",
    "symbol": "ORCL",
    "reportedCurrency": "USD",
    "cik": "0001341439",
    "filingDate": "2024-03-12",
    "acceptedDate": "2024-03-12 16:05:03",
    "fiscalYear": "2024",
    "period": "Q3",
    "revenue": 13280000000,
    "costOfRevenue": 3869000000,
    "grossProfit": 9411000000,
    "researchAndDevelopmentExpenses": 2248000000,
    "generalAndAdministrativeExpenses": 377000000,
    "sellingAndMarketingExpenses": 2042000000,
    "sellingGeneralAndAdministrativeExpenses": 2419000000,
    "otherExpenses": 994000000,
    "operatingExpenses": 5661000000,
    "costAndExpenses": 9530000000,
    "netInterestIncome": -765000000,
    "interestIncome": 111000000,
    "interestExpense": 876000000,
    "depreciationAndAmortization": 1557000000,
    "ebitda": 5298000000,
    "ebit": 3741000000,
    "nonOperatingIncomeExcludingInterest": 9000000,
    "operatingIncome": 3750000000,
    "totalOtherIncomeExpensesNet": -885000000,
    "incomeBeforeTax": 2865000000,
    "incomeTaxExpense": 464000000,
    "netIncomeFromContinuingOperations": 2401000000,
    "netIncomeFromDiscontinuedOperations": 0,
    "otherAdjustmentsToNetIncome": 0,
    "netIncome": 2401000000,
    "netIncomeDeductions": 0,
    "bottomLineNetIncome": 2401000000,
    "eps": 0.87,
    "epsDiluted": 0.85,
    "weightedAverageShsOut": 2748000000,
    "weightedAverageShsOutDil": 2819000000
  },
  {
    "date": "2023-11-30",
    "symbol": "ORCL",
    "reportedCurrency": "USD",
    "cik": "0001341439",
    "filingDate": "2023-12-12",
    "acceptedDate": "2023-12-12 16:04:41",
    "fiscalYear": "2024",
    "period": "Q2",
    "revenue": 12941000000,
    "costOfRevenue": 3740000000,
    "grossProfit": 9201000000,
    "researchAndDevelopmentExpenses": 2226000000,
    "generalAndAdministrativeExpenses": 375000000,
    "sellingAndMarketingExpenses": 2093000000,
    "sellingGeneralAndAdministrativeExpenses": 2468000000,
    "otherExpenses": 885000000,
    "operatingExpenses": 5579000000,
    "costAndExpenses": 9319000000,
    "netInterestIncome": -755000000,
    "interestIncome": 133000000,
    "interestExpense": 888000000,
    "depreciationAndAmortization": 1553000000,
    "ebitda": 5161000000,
    "ebit": 3608000000,
    "nonOperatingIncomeExcludingInterest": 14000000,
    "operatingIncome": 3622000000,
    "totalOtherIncomeExpensesNet": -902000000,
    "incomeBeforeTax": 2720000000,
    "incomeTaxExpense": 217000000,
    "netIncomeFromContinuingOperations": 2503000000,
    "netIncomeFromDiscontinuedOperations": 0,
    "otherAdjustmentsToNetIncome": 0,
    "netIncome": 2503000000,
    "netIncomeDeductions": 0,
    "bottomLineNetIncome": 2503000000,
    "eps": 0.91,
    "epsDiluted": 0.89,
    "weightedAverageShsOut": 2746000000,
    "weightedAverageShsOutDil": 2817000000
  },
  {
    "date": "2023-08-31",
    "symbol": "ORCL",
    "reportedCurrency": "USD",
    "cik": "0001341439",
    "filingDate": "2023-09-12",
    "acceptedDate": "2023-09-12 16:08:07",
    "fiscalYear": "2024",
    "period": "Q1",
    "revenue": 12453000000,
    "costOfRevenue": 3610000000,
    "grossProfit": 8843000000,
    "researchAndDevelopmentExpenses": 2216000000,
    "generalAndAdministrativeExpenses": 393000000,
    "sellingAndMarketingExpenses": 2026000000,
    "sellingGeneralAndAdministrativeExpenses": 2419000000,
    "otherExpenses": 912000000,
    "operatingExpenses": 5547000000,
    "costAndExpenses": 9157000000,
    "netInterestIncome": -736000000,
    "interestIncome": 136000000,
    "interestExpense": 872000000,
    "depreciationAndAmortization": 1475000000,
    "ebitda": 4722000000,
    "ebit": 3247000000,
    "nonOperatingIncomeExcludingInterest": 49000000,
    "operatingIncome": 3296000000,
    "totalOtherIncomeExpensesNet": -921000000,
    "incomeBeforeTax": 2375000000,
    "incomeTaxExpense": -45000000,
    "netIncomeFromContinuingOperations": 2420000000,
    "netIncomeFromDiscontinuedOperations": 0,
    "otherAdjustmentsToNetIncome": 0,
    "netIncome": 2420000000,
    "netIncomeDeductions": 0,
    "bottomLineNetIncome": 2420000000,
    "eps": 0.89,
    "epsDiluted": 0.86,
    "weightedAverageShsOut": 2728000000,
    "weightedAverageShsOutDil": 2823000000
  },
  {
    "date": "2023-05-31",
    "symbol": "ORCL",
    "reportedCurrency": "USD",
    "cik": "0001341439",
    "filingDate": "2023-06-20",
    "acceptedDate": "2023-06-20 16:06:29",
    "fiscalYear": "2023",
    "period": "Q4",
    "revenue": 13836000000,
    "costOfRevenue": 3730000000,
    "grossProfit": 10106000000,
    "researchAndDevelopmentExpenses": 2226000000,
    "generalAndAdministrativeExpenses": 400000000,
    "sellingAndMarketingExpenses": 2289000000,
    "sellingGeneralAndAdministrativeExpenses": 2689000000,
    "otherExpenses": 1051000000,
    "operatingExpenses": 5966000000,
    "costAndExpenses": 9696000000,
    "netInterestIncome": -850000000,
    "interestIncome": 105000000,
    "interestExpense": 955000000,
    "depreciationAndAmortization": 1586000000,
    "ebitda": 5650000000,
    "ebit": 4064000000,
    "nonOperatingIncomeExcludingInterest": 76000000,
    "operatingIncome": 4140000000,
    "totalOtherIncomeExpensesNet": -1031000000,
    "incomeBeforeTax": 3109000000,
    "incomeTaxExpense": -210000000,
    "netIncomeFromContinuingOperations": 3319000000,
    "netIncomeFromDiscontinuedOperations": 0,
    "otherAdjustmentsToNetIncome": 0,
    "netIncome": 3319000000,
    "netIncomeDeductions": 0,
    "bottomLineNetIncome": 3319000000,
    "eps": 1.23,
    "epsDiluted": 1.19,
    "weightedAverageShsOut": 2707000000,
    "weightedAverageShsOutDil": 2796000000
  },
  {
    "date": "2023-02-28",
    "symbol": "ORCL",
    "reportedCurrency": "USD",
    "cik": "0001341439",
    "filingDate": "2023-03-10",
    "acceptedDate": "2023-03-10 16:06:25",
    "fiscalYear": "2023",
    "period": "Q3",
    "revenue": 12398000000,
    "costOfRevenue": 3439000000,
    "grossProfit": 8959000000,
    "researchAndDevelopmentExpenses": 2146000000,
    "generalAndAdministrativeExpenses": 402000000,
    "sellingAndMarketingExpenses": 2150000000,
    "sellingGeneralAndAdministrativeExpenses": 2552000000,
    "otherExpenses": 1001000000,
    "operatingExpenses": 5699000000,
    "costAndExpenses": 9138000000,
    "netInterestIncome": -818000000,
    "interestIncome": 90000000,
    "interestExpense": 907000000,
    "depreciationAndAmortization": 1558000000,
    "ebitda": 4684000000,
    "ebit": 3126000000,
    "nonOperatingIncomeExcludingInterest": 134000000,
    "operatingIncome": 3260000000,
    "totalOtherIncomeExpensesNet": -1042000000,
    "incomeBeforeTax": 2218000000,
    "incomeTaxExpense": 322000000,
    "netIncomeFromContinuingOperations": 1896000000,
    "netIncomeFromDiscontinuedOperations": 0,
    "otherAdjustmentsToNetIncome": 0,
    "netIncome": 1896000000,
    "netIncomeDeductions": 0,
    "bottomLineNetIncome": 1896000000,
    "eps": 0.7,
    "epsDiluted": 0.68,
    "weightedAverageShsOut": 2698000000,
    "weightedAverageShsOutDil": 2776000000
  },
  {
    "date": "2022-11-30",
    "symbol": "ORCL",
    "reportedCurrency": "USD",
    "cik": "0001341439",
    "filingDate": "2022-12-13",
    "acceptedDate": "2022-12-13 16:07:10",
    "fiscalYear": "2023",
    "period": "Q2",
    "revenue": 12275000000,
    "costOfRevenue": 3358000000,
    "grossProfit": 8917000000,
    "researchAndDevelopmentExpenses": 2158000000,
    "generalAndAdministrativeExpenses": 366000000,
    "sellingAndMarketingExpenses": 2216000000,
    "sellingGeneralAndAdministrativeExpenses": 2582000000,
    "otherExpenses": 1106000000,
    "operatingExpenses": 5846000000,
    "costAndExpenses": 9204000000,
    "netInterestIncome": -804000000,
    "interestIncome": 52000000,
    "interestExpense": 856000000,
    "depreciationAndAmortization": 1498000000,
    "ebitda": 4498000000,
    "ebit": 3000000000,
    "nonOperatingIncomeExcludingInterest": 71000000,
    "operatingIncome": 3071000000,
    "totalOtherIncomeExpensesNet": -927000000,
    "incomeBeforeTax": 2144000000,
    "incomeTaxExpense": 403000000,
    "netIncomeFromContinuingOperations": 1741000000,
    "netIncomeFromDiscontinuedOperations": 0,
    "otherAdjustmentsToNetIncome": 0,
    "netIncome": 1741000000,
    "netIncomeDeductions": 0,
    "bottomLineNetIncome": 1741000000,
    "eps": 0.65,
    "epsDiluted": 0.63,
    "weightedAverageShsOut": 2695000000,
    "weightedAverageShsOutDil": 2746000000
  },
  {
    "date": "2022-08-31",
    "symbol": "ORCL",
    "reportedCurrency": "USD",
    "cik": "0001341439",
    "filingDate": "2022-09-13",
    "acceptedDate": "2022-09-13 16:12:07",
    "fiscalYear": "2023",
    "period": "Q1",
    "revenue": 11445000000,
    "costOfRevenue": 3037000000,
    "grossProfit": 8408000000,
    "researchAndDevelopmentExpenses": 2093000000,
    "generalAndAdministrativeExpenses": 411000000,
    "sellingAndMarketingExpenses": 2177000000,
    "sellingGeneralAndAdministrativeExpenses": 2588000000,
    "otherExpenses": 1104000000,
    "operatingExpenses": 5785000000,
    "costAndExpenses": 8822000000,
    "netInterestIncome": -749000000,
    "interestIncome": 38000000,
    "interestExpense": 787000000,
    "depreciationAndAmortization": 1466000000,
    "ebitda": 3909000000,
    "ebit": 2443000000,
    "nonOperatingIncomeExcludingInterest": 180000000,
    "operatingIncome": 2623000000,
    "totalOtherIncomeExpensesNet": -967000000,
    "incomeBeforeTax": 1656000000,
    "incomeTaxExpense": 108000000,
    "netIncomeFromContinuingOperations": 1548000000,
    "netIncomeFromDiscontinuedOperations": 0,
    "otherAdjustmentsToNetIncome": 0,
    "netIncome": 1548000000,
    "netIncomeDeductions": 0,
    "bottomLineNetIncome": 1548000000,
    "eps": 0.58,
    "epsDiluted": 0.56,
    "weightedAverageShsOut": 2685000000,
    "weightedAverageShsOutDil": 2747000000
  },
  {
    "date": "2022-05-31",
    "symbol": "ORCL",
    "reportedCurrency": "USD",
    "cik": "0001341439",
    "filingDate": "2022-06-21",
    "acceptedDate": "2022-06-21 08:04:37",
    "fiscalYear": "2022",
    "period": "Q4",
    "revenue": 11840000000,
    "costOfRevenue": 2397000000,
    "grossProfit": 9444000000,
    "researchAndDevelopmentExpenses": 1965000000,
    "generalAndAdministrativeExpenses": 364000000,
    "sellingAndMarketingExpenses": 2238000000,
    "sellingGeneralAndAdministrativeExpenses": 2602000000,
    "otherExpenses": 376000000,
    "operatingExpenses": 4941000000,
    "costAndExpenses": 7338000000,
    "netInterestIncome": -666000000,
    "interestIncome": 38000000,
    "interestExpense": 704000000,
    "depreciationAndAmortization": 831000000,
    "ebitda": 5159000000,
    "ebit": 4328000000,
    "nonOperatingIncomeExcludingInterest": 174000000,
    "operatingIncome": 4503000000,
    "totalOtherIncomeExpensesNet": -878000000,
    "incomeBeforeTax": 3624000000,
    "incomeTaxExpense": 435000000,
    "netIncomeFromContinuingOperations": 3189000000,
    "netIncomeFromDiscontinuedOperations": 0,
    "otherAdjustmentsToNetIncome": 0,
    "netIncome": 3189000000,
    "netIncomeDeductions": 0,
    "bottomLineNetIncome": 3189000000,
    "eps": 1.2,
    "epsDiluted": 1.16,
    "weightedAverageShsOut": 2667000000,
    "weightedAverageShsOutDil": 2742000000
  },
  {
    "date": "2022-02-28",
    "symbol": "ORCL",
    "reportedCurrency": "USD",
    "cik": "0001341439",
    "filingDate": "2022-03-11",
    "acceptedDate": "2022-03-11 16:14:54",
    "fiscalYear": "2022",
    "period": "Q3",
    "revenue": 10513000000,
    "costOfRevenue": 2218000000,
    "grossProfit": 8295000000,
    "researchAndDevelopmentExpenses": 1816000000,
    "generalAndAdministrativeExpenses": 335000000,
    "sellingAndMarketingExpenses": 2004000000,
    "sellingGeneralAndAdministrativeExpenses": 2339000000,
    "otherExpenses": 318000000,
    "operatingExpenses": 4473000000,
    "costAndExpenses": 6691000000,
    "netInterestIncome": -651000000,
    "interestIncome": 16000000,
    "interestExpense": 667000000,
    "depreciationAndAmortization": 775000000,
    "ebitda": 4282000000,
    "ebit": 3507000000,
    "nonOperatingIncomeExcludingInterest": 315000000,
    "operatingIncome": 3822000000,
    "totalOtherIncomeExpensesNet": -982000000,
    "incomeBeforeTax": 2840000000,
    "incomeTaxExpense": 521000000,
    "netIncomeFromContinuingOperations": 2319000000,
    "netIncomeFromDiscontinuedOperations": 0,
    "otherAdjustmentsToNetIncome": 0,
    "netIncome": 2319000000,
    "netIncomeDeductions": 0,
    "bottomLineNetIncome": 2319000000,
    "eps": 0.87,
    "epsDiluted": 0.84,
    "weightedAverageShsOut": 2668000000,
    "weightedAverageShsOutDil": 2754000000
  },
  {
    "date": "2021-11-30",
    "symbol": "ORCL",
    "reportedCurrency": "USD",
    "cik": "0001341439",
    "filingDate": "2021-12-10",
    "acceptedDate": "2021-12-10 16:12:50",
    "fiscalYear": "2022",
    "period": "Q2",
    "revenue": 10360000000,
    "costOfRevenue": 2159000000,
    "grossProfit": 8201000000,
    "researchAndDevelopmentExpenses": 1754000000,
    "generalAndAdministrativeExpenses": 319000000,
    "sellingAndMarketingExpenses": 1954000000,
    "sellingGeneralAndAdministrativeExpenses": 2273000000,
    "otherExpenses": 4998000000,
    "operatingExpenses": 9039000000,
    "costAndExpenses": 11184000000,
    "netInterestIncome": -658000000,
    "interestIncome": 21000000,
    "interestExpense": 679000000,
    "depreciationAndAmortization": 759000000,
    "ebitda": -58000000,
    "ebit": -817000000,
    "nonOperatingIncomeExcludingInterest": -7000000,
    "operatingIncome": -824000000,
    "totalOtherIncomeExpensesNet": -672000000,
    "incomeBeforeTax": -1496000000,
    "incomeTaxExpense": -249000000,
    "netIncomeFromContinuingOperations": -1247000000,
    "netIncomeFromDiscontinuedOperations": 0,
    "otherAdjustmentsToNetIncome": 0,
    "netIncome": -1247000000,
    "netIncomeDeductions": 0,
    "bottomLineNetIncome": -1247000000,
    "eps": -0.46,
    "epsDiluted": -0.46,
    "weightedAverageShsOut": 2694000000,
    "weightedAverageShsOutDil": 2694003000
  },
  {
    "date": "2021-08-31",
    "symbol": "ORCL",
    "reportedCurrency": "USD",
    "cik": "0001341439",
    "filingDate": "2021-09-13",
    "acceptedDate": "2021-09-13 17:23:09",
    "fiscalYear": "2022",
    "period": "Q1",
    "revenue": 9728000000,
    "costOfRevenue": 2103000000,
    "grossProfit": 7625000000,
    "researchAndDevelopmentExpenses": 1684000000,
    "generalAndAdministrativeExpenses": 298000000,
    "sellingAndMarketingExpenses": 1854000000,
    "sellingGeneralAndAdministrativeExpenses": 2152000000,
    "otherExpenses": 362000000,
    "operatingExpenses": 4198000000,
    "costAndExpenses": 6301000000,
    "netInterestIncome": -685000000,
    "interestIncome": 20000000,
    "interestExpense": 705000000,
    "depreciationAndAmortization": 757000000,
    "ebitda": 4143000000,
    "ebit": 3386000000,
    "nonOperatingIncomeExcludingInterest": 41000000,
    "operatingIncome": 3427000000,
    "totalOtherIncomeExpensesNet": -746000000,
    "incomeBeforeTax": 2681000000,
    "incomeTaxExpense": 224000000,
    "netIncomeFromContinuingOperations": 2457000000,
    "netIncomeFromDiscontinuedOperations": 0,
    "otherAdjustmentsToNetIncome": 0,
    "netIncome": 2457000000,
    "netIncomeDeductions": 0,
    "bottomLineNetIncome": 2457000000,
    "eps": 0.89,
    "epsDiluted": 0.86,
    "weightedAverageShsOut": 2769000000,
    "weightedAverageShsOutDil": 2861000000
  },
  {
    "date": "2021-05-31",
    "symbol": "ORCL",
    "reportedCurrency": "USD",
    "cik": "0001341439",
    "filingDate": "2021-06-21",
    "acceptedDate": "2021-06-21 16:10:31",
    "fiscalYear": "2021",
    "period": "Q4",
    "revenue": 11227000000,
    "costOfRevenue": 2122000000,
    "grossProfit": 9105000000,
    "researchAndDevelopmentExpenses": 1715000000,
    "generalAndAdministrativeExpenses": 305000000,
    "sellingAndMarketingExpenses": 2077000000,
    "sellingGeneralAndAdministrativeExpenses": 2382000000,
    "otherExpenses": 467000000,
    "operatingExpenses": 4564000000,
    "costAndExpenses": 6686000000,
    "netInterestIncome": -676000000,
    "interestIncome": 21000000,
    "interestExpense": 697000000,
    "depreciationAndAmortization": 752000000,
    "ebitda": 5605000000,
    "ebit": 4853000000,
    "nonOperatingIncomeExcludingInterest": -312000000,
    "operatingIncome": 4541000000,
    "totalOtherIncomeExpensesNet": -385000000,
    "incomeBeforeTax": 4156000000,
    "incomeTaxExpense": 124000000,
    "netIncomeFromContinuingOperations": 4032000000,
    "netIncomeFromDiscontinuedOperations": 0,
    "otherAdjustmentsToNetIncome": 0,
    "netIncome": 4033000000,
    "netIncomeDeductions": 0,
    "bottomLineNetIncome": 4032000000,
    "eps": 1.42,
    "epsDiluted": 1.37,
    "weightedAverageShsOut": 2847000000,
    "weightedAverageShsOutDil": 2949007000
  },
  {
    "date": "2021-02-28",
    "symbol": "ORCL",
    "reportedCurrency": "USD",
    "cik": "0001341439",
    "filingDate": "2021-03-11",
    "acceptedDate": "2021-03-11 16:26:29",
    "fiscalYear": "2021",
    "period": "Q3",
    "revenue": 10085000000,
    "costOfRevenue": 1915000000,
    "grossProfit": 8170000000,
    "researchAndDevelopmentExpenses": 1621000000,
    "generalAndAdministrativeExpenses": 330000000,
    "sellingAndMarketingExpenses": 1915000000,
    "sellingGeneralAndAdministrativeExpenses": 2245000000,
    "otherExpenses": 426000000,
    "operatingExpenses": 4292000000,
    "costAndExpenses": 6207000000,
    "netInterestIncome": -562000000,
    "interestIncome": 23000000,
    "interestExpense": 585000000,
    "depreciationAndAmortization": 732000000,
    "ebitda": 4593000000,
    "ebit": 3861000000,
    "nonOperatingIncomeExcludingInterest": 17000000,
    "operatingIncome": 3878000000,
    "totalOtherIncomeExpensesNet": -602000000,
    "incomeBeforeTax": 3276000000,
    "incomeTaxExpense": -1745000000,
    "netIncomeFromContinuingOperations": 5021000000,
    "netIncomeFromDiscontinuedOperations": 0,
    "otherAdjustmentsToNetIncome": 0,
    "netIncome": 5021000000,
    "netIncomeDeductions": 0,
    "bottomLineNetIncome": 5021000000,
    "eps": 1.72,
    "epsDiluted": 1.68,
    "weightedAverageShsOut": 2913000000,
    "weightedAverageShsOutDil": 2994000000
  },
  {
    "date": "2020-11-30",
    "symbol": "ORCL",
    "reportedCurrency": "USD",
    "cik": "0001341439",
    "filingDate": "2020-12-11",
    "acceptedDate": "2020-12-11 16:11:40",
    "fiscalYear": "2021",
    "period": "Q2",
    "revenue": 9800000000,
    "costOfRevenue": 1939000000,
    "grossProfit": 7861000000,
    "researchAndDevelopmentExpenses": 1601000000,
    "generalAndAdministrativeExpenses": 324000000,
    "sellingAndMarketingExpenses": 1836000000,
    "sellingGeneralAndAdministrativeExpenses": 2160000000,
    "otherExpenses": 517000000,
    "operatingExpenses": 4278000000,
    "costAndExpenses": 6217000000,
    "netInterestIncome": -573000000,
    "interestIncome": 27000000,
    "interestExpense": 600000000,
    "depreciationAndAmortization": 731000000,
    "ebitda": 4303000000,
    "ebit": 3572000000,
    "nonOperatingIncomeExcludingInterest": 11000000,
    "operatingIncome": 3583000000,
    "totalOtherIncomeExpensesNet": -611000000,
    "incomeBeforeTax": 2972000000,
    "incomeTaxExpense": 530000000,
    "netIncomeFromContinuingOperations": 2442000000,
    "netIncomeFromDiscontinuedOperations": 0,
    "otherAdjustmentsToNetIncome": 0,
    "netIncome": 2442000000,
    "netIncomeDeductions": 0,
    "bottomLineNetIncome": 2442000000,
    "eps": 0.82,
    "epsDiluted": 0.8,
    "weightedAverageShsOut": 2977000000,
    "weightedAverageShsOutDil": 3052500000
  },
  {
    "date": "2020-08-31",
    "symbol": "ORCL",
    "reportedCurrency": "USD",
    "cik": "0001341439",
    "filingDate": "2020-09-15",
    "acceptedDate": "2020-09-14 17:34:48",
    "fiscalYear": "2021",
    "period": "Q1",
    "revenue": 9367000000,
    "costOfRevenue": 1880000000,
    "grossProfit": 7487000000,
    "researchAndDevelopmentExpenses": 1589000000,
    "generalAndAdministrativeExpenses": 295000000,
    "sellingAndMarketingExpenses": 1854000000,
    "sellingGeneralAndAdministrativeExpenses": 2149000000,
    "otherExpenses": 538000000,
    "operatingExpenses": 4276000000,
    "costAndExpenses": 6156000000,
    "netInterestIncome": -583000000,
    "interestIncome": 31000000,
    "interestExpense": 614000000,
    "depreciationAndAmortization": 701000000,
    "ebitda": 3910000000,
    "ebit": 3209000000,
    "nonOperatingIncomeExcludingInterest": 2000000,
    "operatingIncome": 3211000000,
    "totalOtherIncomeExpensesNet": -616000000,
    "incomeBeforeTax": 2595000000,
    "incomeTaxExpense": 344000000,
    "netIncomeFromContinuingOperations": 2251000000,
    "netIncomeFromDiscontinuedOperations": 0,
    "otherAdjustmentsToNetIncome": 0,
    "netIncome": 2251000000,
    "netIncomeDeductions": 0,
    "bottomLineNetIncome": 2251000000,
    "eps": 0.74,
    "epsDiluted": 0.72,
    "weightedAverageShsOut": 3041000000,
    "weightedAverageShsOutDil": 3126389000
  },
  {
    "date": "2020-05-31",
    "symbol": "ORCL",
    "reportedCurrency": "USD",
    "cik": "0001341439",
    "filingDate": "2020-06-22",
    "acceptedDate": "2020-06-22 16:25:49",
    "fiscalYear": "2020",
    "period": "Q4",
    "revenue": 10439000000,
    "costOfRevenue": 1969000000,
    "grossProfit": 8470000000,
    "researchAndDevelopmentExpenses": 1479000000,
    "generalAndAdministrativeExpenses": 278000000,
    "sellingAndMarketingExpenses": 1959000000,
    "sellingGeneralAndAdministrativeExpenses": 2237000000,
    "otherExpenses": 446000000,
    "operatingExpenses": 4162000000,
    "costAndExpenses": 6131000000,
    "netInterestIncome": -509000000,
    "interestIncome": 70000000,
    "interestExpense": 579000000,
    "depreciationAndAmortization": 722000000,
    "ebitda": 4997000000,
    "ebit": 4275000000,
    "nonOperatingIncomeExcludingInterest": 33000000,
    "operatingIncome": 4308000000,
    "totalOtherIncomeExpensesNet": -612000000,
    "incomeBeforeTax": 3696000000,
    "incomeTaxExpense": 580000000,
    "netIncomeFromContinuingOperations": 3116000000,
    "netIncomeFromDiscontinuedOperations": 0,
    "otherAdjustmentsToNetIncome": 0,
    "netIncome": 3116000000,
    "netIncomeDeductions": 0,
    "bottomLineNetIncome": 3116000000,
    "eps": 1.01,
    "epsDiluted": 0.99,
    "weightedAverageShsOut": 3140015000,
    "weightedAverageShsOutDil": 3162000000
  },
  {
    "date": "2020-02-29",
    "symbol": "ORCL",
    "reportedCurrency": "USD",
    "cik": "0001341439",
    "filingDate": "2020-03-13",
    "acceptedDate": "2020-03-13 16:21:31",
    "fiscalYear": "2020",
    "period": "Q3",
    "revenue": 9796000000,
    "costOfRevenue": 1964000000,
    "grossProfit": 7832000000,
    "researchAndDevelopmentExpenses": 1500000000,
    "generalAndAdministrativeExpenses": 288000000,
    "sellingAndMarketingExpenses": 2049000000,
    "sellingGeneralAndAdministrativeExpenses": 2337000000,
    "otherExpenses": 467000000,
    "operatingExpenses": 4304000000,
    "costAndExpenses": 6268000000,
    "netInterestIncome": -334000000,
    "interestIncome": 122000000,
    "interestExpense": 456000000,
    "depreciationAndAmortization": 748000000,
    "ebitda": 4280000000,
    "ebit": 3532000000,
    "nonOperatingIncomeExcludingInterest": -4000000,
    "operatingIncome": 3528000000,
    "totalOtherIncomeExpensesNet": -452000000,
    "incomeBeforeTax": 3076000000,
    "incomeTaxExpense": 505000000,
    "netIncomeFromContinuingOperations": 2571000000,
    "netIncomeFromDiscontinuedOperations": 0,
    "otherAdjustmentsToNetIncome": 0,
    "netIncome": 2571000000,
    "netIncomeDeductions": 0,
    "bottomLineNetIncome": 2571000000,
    "eps": 0.81,
    "epsDiluted": 0.79,
    "weightedAverageShsOut": 3190000000,
    "weightedAverageShsOutDil": 3271000000
  },
  {
    "date": "2019-11-30",
    "symbol": "ORCL",
    "reportedCurrency": "USD",
    "cik": "0001341439",
    "filingDate": "2019-12-13",
    "acceptedDate": "2019-12-13 16:22:03",
    "fiscalYear": "2020",
    "period": "Q2",
    "revenue": 9614000000,
    "costOfRevenue": 2048000000,
    "grossProfit": 7566000000,
    "researchAndDevelopmentExpenses": 1531000000,
    "generalAndAdministrativeExpenses": 323000000,
    "sellingAndMarketingExpenses": 2068000000,
    "sellingGeneralAndAdministrativeExpenses": 2391000000,
    "otherExpenses": 461000000,
    "operatingExpenses": 4383000000,
    "costAndExpenses": 6431000000,
    "netInterestIncome": -320000000,
    "interestIncome": 145000000,
    "interestExpense": 465000000,
    "depreciationAndAmortization": 748000000,
    "ebitda": 4023000000,
    "ebit": 3275000000,
    "nonOperatingIncomeExcludingInterest": -92000000,
    "operatingIncome": 3183000000,
    "totalOtherIncomeExpensesNet": -373000000,
    "incomeBeforeTax": 2810000000,
    "incomeTaxExpense": 499000000,
    "netIncomeFromContinuingOperations": 2311000000,
    "netIncomeFromDiscontinuedOperations": 0,
    "otherAdjustmentsToNetIncome": 0,
    "netIncome": 2311000000,
    "netIncomeDeductions": 0,
    "bottomLineNetIncome": 2311000000,
    "eps": 0.71,
    "epsDiluted": 0.69,
    "weightedAverageShsOut": 3245000000,
    "weightedAverageShsOutDil": 3349275000
  },
  {
    "date": "2019-08-31",
    "symbol": "ORCL",
    "reportedCurrency": "USD",
    "cik": "0001341439",
    "filingDate": "2019-09-13",
    "acceptedDate": "2019-09-13 16:22:37",
    "fiscalYear": "2020",
    "period": "Q1",
    "revenue": 9218000000,
    "costOfRevenue": 1957000000,
    "grossProfit": 7261000000,
    "researchAndDevelopmentExpenses": 1557000000,
    "generalAndAdministrativeExpenses": 292000000,
    "sellingAndMarketingExpenses": 2018000000,
    "sellingGeneralAndAdministrativeExpenses": 2310000000,
    "otherExpenses": 517000000,
    "operatingExpenses": 4384000000,
    "costAndExpenses": 6341000000,
    "netInterestIncome": -304000000,
    "interestIncome": 190000000,
    "interestExpense": 494000000,
    "depreciationAndAmortization": 750000000,
    "ebitda": 3726000000,
    "ebit": 2976000000,
    "nonOperatingIncomeExcludingInterest": -99000000,
    "operatingIncome": 2877000000,
    "totalOtherIncomeExpensesNet": -395000000,
    "incomeBeforeTax": 2482000000,
    "incomeTaxExpense": 345000000,
    "netIncomeFromContinuingOperations": 2137000000,
    "netIncomeFromDiscontinuedOperations": 0,
    "otherAdjustmentsToNetIncome": 0,
    "netIncome": 2137000000,
    "netIncomeDeductions": 0,
    "bottomLineNetIncome": 2137000000,
    "eps": 0.63,
    "epsDiluted": 0.63,
    "weightedAverageShsOut": 3392063000,
    "weightedAverageShsOutDil": 3410000000
  },
  {
    "date": "2019-05-31",
    "symbol": "ORCL",
    "reportedCurrency": "USD",
    "cik": "0001341439",
    "filingDate": "2019-06-21",
    "acceptedDate": "2019-06-21 16:29:05",
    "fiscalYear": "2019",
    "period": "Q4",
    "revenue": 11136000000,
    "costOfRevenue": 2063000000,
    "grossProfit": 9073000000,
    "researchAndDevelopmentExpenses": 1562000000,
    "generalAndAdministrativeExpenses": 330000000,
    "sellingAndMarketingExpenses": 2318000000,
    "sellingGeneralAndAdministrativeExpenses": 2648000000,
    "otherExpenses": 607000000,
    "operatingExpenses": 4817000000,
    "costAndExpenses": 6880000000,
    "netInterestIncome": -323000000,
    "interestIncome": 202000000,
    "interestExpense": 525000000,
    "depreciationAndAmortization": 754000000,
    "ebitda": 5145000000,
    "ebit": 4391000000,
    "nonOperatingIncomeExcludingInterest": -134000000,
    "operatingIncome": 4257000000,
    "totalOtherIncomeExpensesNet": -391000000,
    "incomeBeforeTax": 3866000000,
    "incomeTaxExpense": 126000000,
    "netIncomeFromContinuingOperations": 3740000000,
    "netIncomeFromDiscontinuedOperations": 0,
    "otherAdjustmentsToNetIncome": 0,
    "netIncome": 3740000000,
    "netIncomeDeductions": 0,
    "bottomLineNetIncome": 3740000000,
    "eps": 1.1,
    "epsDiluted": 1.07,
    "weightedAverageShsOut": 3389000000,
    "weightedAverageShsOutDil": 3505490000
  },
  {
    "date": "2019-02-28",
    "symbol": "ORCL",
    "reportedCurrency": "USD",
    "cik": "0001341439",
    "filingDate": "2019-03-18",
    "acceptedDate": "2019-03-18 16:12:45",
    "fiscalYear": "2019",
    "period": "Q3",
    "revenue": 9614000000,
    "costOfRevenue": 1976000000,
    "grossProfit": 7638000000,
    "researchAndDevelopmentExpenses": 1426000000,
    "generalAndAdministrativeExpenses": 316000000,
    "sellingAndMarketingExpenses": 2051000000,
    "sellingGeneralAndAdministrativeExpenses": 2367000000,
    "otherExpenses": 446000000,
    "operatingExpenses": 4239000000,
    "costAndExpenses": 6215000000,
    "netInterestIncome": -263000000,
    "interestIncome": 246000000,
    "interestExpense": 509000000,
    "depreciationAndAmortization": 741000000,
    "ebitda": 4338000000,
    "ebit": 3597000000,
    "nonOperatingIncomeExcludingInterest": -198000000,
    "operatingIncome": 3399000000,
    "totalOtherIncomeExpensesNet": -311000000,
    "incomeBeforeTax": 3088000000,
    "incomeTaxExpense": 343000000,
    "netIncomeFromContinuingOperations": 2745000000,
    "netIncomeFromDiscontinuedOperations": 0,
    "otherAdjustmentsToNetIncome": 0,
    "netIncome": 2745000000,
    "netIncomeDeductions": 0,
    "bottomLineNetIncome": 2745000000,
    "eps": 0.78,
    "epsDiluted": 0.76,
    "weightedAverageShsOut": 3526000000,
    "weightedAverageShsOutDil": 3617000000
  },
  {
    "date": "2018-11-30",
    "symbol": "ORCL",
    "reportedCurrency": "USD",
    "cik": "0001341439",
    "filingDate": "2018-12-19",
    "acceptedDate": "2018-12-19 16:15:00",
    "fiscalYear": "2019",
    "period": "Q2",
    "revenue": 9562000000,
    "costOfRevenue": 2001000000,
    "grossProfit": 7561000000,
    "researchAndDevelopmentExpenses": 1475000000,
    "generalAndAdministrativeExpenses": 299000000,
    "sellingAndMarketingExpenses": 2101000000,
    "sellingGeneralAndAdministrativeExpenses": 2400000000,
    "otherExpenses": 585000000,
    "operatingExpenses": 4460000000,
    "costAndExpenses": 6461000000,
    "netInterestIncome": -223000000,
    "interestIncome": 296000000,
    "interestExpense": 519000000,
    "depreciationAndAmortization": 704000000,
    "ebitda": 3997000000,
    "ebit": 3293000000,
    "nonOperatingIncomeExcludingInterest": -192000000,
    "operatingIncome": 3101000000,
    "totalOtherIncomeExpensesNet": -327000000,
    "incomeBeforeTax": 2774000000,
    "incomeTaxExpense": 441000000,
    "netIncomeFromContinuingOperations": 2333000000,
    "netIncomeFromDiscontinuedOperations": 0,
    "otherAdjustmentsToNetIncome": 0,
    "netIncome": 2333000000,
    "netIncomeDeductions": 0,
    "bottomLineNetIncome": 2333000000,
    "eps": 0.63,
    "epsDiluted": 0.61,
    "weightedAverageShsOut": 3720000000,
    "weightedAverageShsOutDil": 3824590000
  },
  {
    "date": "2018-08-31",
    "symbol": "ORCL",
    "reportedCurrency": "USD",
    "cik": "0001341439",
    "filingDate": "2018-09-19",
    "acceptedDate": "2018-09-19 16:53:42",
    "fiscalYear": "2019",
    "period": "Q1",
    "revenue": 9193000000,
    "costOfRevenue": 1953000000,
    "grossProfit": 7240000000,
    "researchAndDevelopmentExpenses": 1564000000,
    "generalAndAdministrativeExpenses": 321000000,
    "sellingAndMarketingExpenses": 2039000000,
    "sellingGeneralAndAdministrativeExpenses": 2360000000,
    "otherExpenses": 538000000,
    "operatingExpenses": 4462000000,
    "costAndExpenses": 6415000000,
    "netInterestIncome": -181000000,
    "interestIncome": 348000000,
    "interestExpense": 529000000,
    "depreciationAndAmortization": 720000000,
    "ebitda": 3789000000,
    "ebit": 3069000000,
    "nonOperatingIncomeExcludingInterest": -291000000,
    "operatingIncome": 2778000000,
    "totalOtherIncomeExpensesNet": -238000000,
    "incomeBeforeTax": 2540000000,
    "incomeTaxExpense": 275000000,
    "netIncomeFromContinuingOperations": 2265000000,
    "netIncomeFromDiscontinuedOperations": 0,
    "otherAdjustmentsToNetIncome": 0,
    "netIncome": 2265000000,
    "netIncomeDeductions": 0,
    "bottomLineNetIncome": 2265000000,
    "eps": 0.58,
    "epsDiluted": 0.57,
    "weightedAverageShsOut": 3973684000,
    "weightedAverageShsOutDil": 3999000000
  },
  {
    "date": "2018-05-31",
    "symbol": "ORCL",
    "reportedCurrency": "USD",
    "cik": "0001341439",
    "filingDate": "2018-06-22",
    "acceptedDate": "2018-06-22 16:09:07",
    "fiscalYear": "2018",
    "period": "Q4",
    "revenue": 11251000000,
    "costOfRevenue": 2173000000,
    "grossProfit": 9078000000,
    "researchAndDevelopmentExpenses": 1544000000,
    "generalAndAdministrativeExpenses": 305000000,
    "sellingAndMarketingExpenses": 2315000000,
    "sellingGeneralAndAdministrativeExpenses": 2632000000,
    "otherExpenses": 517000000,
    "operatingExpenses": 4693000000,
    "costAndExpenses": 6872000000,
    "netInterestIncome": -196000000,
    "interestIncome": 352000000,
    "interestExpense": 548000000,
    "depreciationAndAmortization": 702000000,
    "ebitda": 5390000000,
    "ebit": 4688000000,
    "nonOperatingIncomeExcludingInterest": -308000000,
    "operatingIncome": 4380000000,
    "totalOtherIncomeExpensesNet": -240000000,
    "incomeBeforeTax": 4140000000,
    "incomeTaxExpense": 733000000,
    "netIncomeFromContinuingOperations": 3407000000,
    "netIncomeFromDiscontinuedOperations": 0,
    "otherAdjustmentsToNetIncome": 0,
    "netIncome": 3276000000,
    "netIncomeDeductions": 0,
    "bottomLineNetIncome": 3276000000,
    "eps": 0.81,
    "epsDiluted": 0.79,
    "weightedAverageShsOut": 4046000000,
    "weightedAverageShsOutDil": 4149000000
  },
  {
    "date": "2018-02-28",
    "symbol": "ORCL",
    "reportedCurrency": "USD",
    "cik": "0001341439",
    "filingDate": "2018-03-21",
    "acceptedDate": "2018-03-21 16:12:09",
    "fiscalYear": "2018",
    "period": "Q3",
    "revenue": 9771000000,
    "costOfRevenue": 1996000000,
    "grossProfit": 7775000000,
    "researchAndDevelopmentExpenses": 1496000000,
    "generalAndAdministrativeExpenses": 339000000,
    "sellingAndMarketingExpenses": 2042000000,
    "sellingGeneralAndAdministrativeExpenses": 2381000000,
    "otherExpenses": 488000000,
    "operatingExpenses": 4365000000,
    "costAndExpenses": 6361000000,
    "netInterestIncome": -220000000,
    "interestIncome": 313000000,
    "interestExpense": 533000000,
    "depreciationAndAmortization": 137000000,
    "ebitda": 3532000000,
    "ebit": 3395000000,
    "nonOperatingIncomeExcludingInterest": -80000000,
    "operatingIncome": 3315000000,
    "totalOtherIncomeExpensesNet": -124000000,
    "incomeBeforeTax": 3191000000,
    "incomeTaxExpense": 7238000000,
    "netIncomeFromContinuingOperations": -4047000000,
    "netIncomeFromDiscontinuedOperations": 0,
    "otherAdjustmentsToNetIncome": 0,
    "netIncome": -4047000000,
    "netIncomeDeductions": 0,
    "bottomLineNetIncome": -4047000000,
    "eps": -0.98,
    "epsDiluted": -0.98,
    "weightedAverageShsOut": 4122000000,
    "weightedAverageShsOutDil": 4122004000
  },
  {
    "date": "2017-11-30",
    "symbol": "ORCL",
    "reportedCurrency": "USD",
    "cik": "0001341439",
    "filingDate": "2017-12-18",
    "acceptedDate": "2017-12-18 17:03:58",
    "fiscalYear": "2018",
    "period": "Q2",
    "revenue": 9621000000,
    "costOfRevenue": 1960000000,
    "grossProfit": 7661000000,
    "researchAndDevelopmentExpenses": 1473000000,
    "generalAndAdministrativeExpenses": 320000000,
    "sellingAndMarketingExpenses": 2088000000,
    "sellingGeneralAndAdministrativeExpenses": 2408000000,
    "otherExpenses": 709000000,
    "operatingExpenses": 4609000000,
    "costAndExpenses": 6569000000,
    "netInterestIncome": -194000000,
    "interestIncome": 281000000,
    "interestExpense": 475000000,
    "depreciationAndAmortization": 688000000,
    "ebitda": 3989000000,
    "ebit": 3301000000,
    "nonOperatingIncomeExcludingInterest": -262000000,
    "operatingIncome": 3039000000,
    "totalOtherIncomeExpensesNet": -213000000,
    "incomeBeforeTax": 2826000000,
    "incomeTaxExpense": 612000000,
    "netIncomeFromContinuingOperations": 2214000000,
    "netIncomeFromDiscontinuedOperations": 0,
    "otherAdjustmentsToNetIncome": 0,
    "netIncome": 2214000000,
    "netIncomeDeductions": 0,
    "bottomLineNetIncome": 2214000000,
    "eps": 0.53,
    "epsDiluted": 0.52,
    "weightedAverageShsOut": 4257692000,
    "weightedAverageShsOutDil": 4283000000
  },
  {
    "date": "2017-08-31",
    "symbol": "ORCL",
    "reportedCurrency": "USD",
    "cik": "0001341439",
    "filingDate": "2017-09-18",
    "acceptedDate": "2017-09-18 17:20:03",
    "fiscalYear": "2018",
    "period": "Q1",
    "revenue": 9187000000,
    "costOfRevenue": 1928000000,
    "grossProfit": 7259000000,
    "researchAndDevelopmentExpenses": 1572000000,
    "generalAndAdministrativeExpenses": 319000000,
    "sellingAndMarketingExpenses": 1989000000,
    "sellingGeneralAndAdministrativeExpenses": 2308000000,
    "otherExpenses": 547000000,
    "operatingExpenses": 4427000000,
    "costAndExpenses": 6355000000,
    "netInterestIncome": -212000000,
    "interestIncome": 257000000,
    "interestExpense": 469000000,
    "depreciationAndAmortization": 696000000,
    "ebitda": 3665000000,
    "ebit": 2969000000,
    "nonOperatingIncomeExcludingInterest": -220000000,
    "operatingIncome": 2749000000,
    "totalOtherIncomeExpensesNet": -249000000,
    "incomeBeforeTax": 2500000000,
    "incomeTaxExpense": 356000000,
    "netIncomeFromContinuingOperations": 2144000000,
    "netIncomeFromDiscontinuedOperations": 0,
    "otherAdjustmentsToNetIncome": 0,
    "netIncome": 2144000000,
    "netIncomeDeductions": 0,
    "bottomLineNetIncome": 2144000000,
    "eps": 0.52,
    "epsDiluted": 0.5,
    "weightedAverageShsOut": 4284000000,
    "weightedAverageShsOutDil": 4288000000
  },
  {
    "date": "2017-05-31",
    "symbol": "ORCL",
    "reportedCurrency": "USD",
    "cik": "0001341439",
    "filingDate": "2017-06-27",
    "acceptedDate": "2017-06-27 16:05:35",
    "fiscalYear": "2017",
    "period": "Q4",
    "revenue": 10892000000,
    "costOfRevenue": 2003000000,
    "grossProfit": 8889000000,
    "researchAndDevelopmentExpenses": 1608000000,
    "generalAndAdministrativeExpenses": 317000000,
    "sellingAndMarketingExpenses": 2314000000,
    "sellingGeneralAndAdministrativeExpenses": 2631000000,
    "otherExpenses": 577000000,
    "operatingExpenses": 4816000000,
    "costAndExpenses": 6819000000,
    "netInterestIncome": -257000000,
    "interestIncome": 224000000,
    "interestExpense": 481000000,
    "depreciationAndAmortization": 772000000,
    "ebitda": 4982000000,
    "ebit": 4210000000,
    "nonOperatingIncomeExcludingInterest": -136000000,
    "operatingIncome": 4074000000,
    "totalOtherIncomeExpensesNet": -313000000,
    "incomeBeforeTax": 3761000000,
    "incomeTaxExpense": 529000000,
    "netIncomeFromContinuingOperations": 3232000000,
    "netIncomeFromDiscontinuedOperations": 0,
    "otherAdjustmentsToNetIncome": 0,
    "netIncome": 3231000000,
    "netIncomeDeductions": 0,
    "bottomLineNetIncome": 3232000000,
    "eps": 0.78,
    "epsDiluted": 0.76,
    "weightedAverageShsOut": 4132000000,
    "weightedAverageShsOutDil": 4264601000
  },
  {
    "date": "2017-02-28",
    "symbol": "ORCL",
    "reportedCurrency": "USD",
    "cik": "0001341439",
    "filingDate": "2017-03-17",
    "acceptedDate": "2017-03-17 16:07:09",
    "fiscalYear": "2017",
    "period": "Q3",
    "revenue": 9205000000,
    "costOfRevenue": 1892000000,
    "grossProfit": 7313000000,
    "researchAndDevelopmentExpenses": 1521000000,
    "generalAndAdministrativeExpenses": 241000000,
    "sellingAndMarketingExpenses": 2004000000,
    "sellingGeneralAndAdministrativeExpenses": 2245000000,
    "otherExpenses": 588000000,
    "operatingExpenses": 4362000000,
    "costAndExpenses": 6254000000,
    "netInterestIncome": -253000000,
    "interestIncome": 197000000,
    "interestExpense": 450000000,
    "depreciationAndAmortization": 371000000,
    "ebitda": 3521000000,
    "ebit": 3150000000,
    "nonOperatingIncomeExcludingInterest": -191000000,
    "operatingIncome": 2959000000,
    "totalOtherIncomeExpensesNet": -261000000,
    "incomeBeforeTax": 2698000000,
    "incomeTaxExpense": 459000000,
    "netIncomeFromContinuingOperations": 2239000000,
    "netIncomeFromDiscontinuedOperations": 0,
    "otherAdjustmentsToNetIncome": 0,
    "netIncome": 2239000000,
    "netIncomeDeductions": 0,
    "bottomLineNetIncome": 2239000000,
    "eps": 0.55,
    "epsDiluted": 0.53,
    "weightedAverageShsOut": 4107000000,
    "weightedAverageShsOutDil": 4224528000
  },
  {
    "date": "2016-11-30",
    "symbol": "ORCL",
    "reportedCurrency": "USD",
    "cik": "0001341439",
    "filingDate": "2016-12-19",
    "acceptedDate": "2016-12-19 16:12:44",
    "fiscalYear": "2017",
    "period": "Q2",
    "revenue": 9035000000,
    "costOfRevenue": 1797000000,
    "grossProfit": 7238000000,
    "researchAndDevelopmentExpenses": 1510000000,
    "generalAndAdministrativeExpenses": 303000000,
    "sellingAndMarketingExpenses": 1960000000,
    "sellingGeneralAndAdministrativeExpenses": 2263000000,
    "otherExpenses": 428000000,
    "operatingExpenses": 4201000000,
    "costAndExpenses": 5998000000,
    "netInterestIncome": -247000000,
    "interestIncome": 204000000,
    "interestExpense": 451000000,
    "depreciationAndAmortization": 314000000,
    "ebitda": 3477000000,
    "ebit": 3163000000,
    "nonOperatingIncomeExcludingInterest": -126000000,
    "operatingIncome": 3037000000,
    "totalOtherIncomeExpensesNet": -352000000,
    "incomeBeforeTax": 2685000000,
    "incomeTaxExpense": 653000000,
    "netIncomeFromContinuingOperations": 2032000000,
    "netIncomeFromDiscontinuedOperations": 0,
    "otherAdjustmentsToNetIncome": 0,
    "netIncome": 2032000000,
    "netIncomeDeductions": 0,
    "bottomLineNetIncome": 2032000000,
    "eps": 0.5,
    "epsDiluted": 0.48,
    "weightedAverageShsOut": 4104000000,
    "weightedAverageShsOutDil": 4233333000
  },
  {
    "date": "2016-08-31",
    "symbol": "ORCL",
    "reportedCurrency": "USD",
    "cik": "0001341439",
    "filingDate": "2016-09-19",
    "acceptedDate": "2016-09-19 17:10:13",
    "fiscalYear": "2017",
    "period": "Q1",
    "revenue": 8595000000,
    "costOfRevenue": 1776000000,
    "grossProfit": 6819000000,
    "researchAndDevelopmentExpenses": 1520000000,
    "generalAndAdministrativeExpenses": 315000000,
    "sellingAndMarketingExpenses": 1919000000,
    "sellingGeneralAndAdministrativeExpenses": 2234000000,
    "otherExpenses": 424000000,
    "operatingExpenses": 4178000000,
    "costAndExpenses": 5983000000,
    "netInterestIncome": -239000000,
    "interestIncome": 177000000,
    "interestExpense": 416000000,
    "depreciationAndAmortization": 533000000,
    "ebitda": 3322000000,
    "ebit": 2789000000,
    "nonOperatingIncomeExcludingInterest": -148000000,
    "operatingIncome": 2641000000,
    "totalOtherIncomeExpensesNet": -268000000,
    "incomeBeforeTax": 2373000000,
    "incomeTaxExpense": 541000000,
    "netIncomeFromContinuingOperations": 1832000000,
    "netIncomeFromDiscontinuedOperations": 0,
    "otherAdjustmentsToNetIncome": 0,
    "netIncome": 1832000000,
    "netIncomeDeductions": 0,
    "bottomLineNetIncome": 1832000000,
    "eps": 0.44,
    "epsDiluted": 0.43,
    "weightedAverageShsOut": 4221000000,
    "weightedAverageShsOutDil": 4260465000
  },
  {
    "date": "2016-05-31",
    "symbol": "ORCL",
    "reportedCurrency": "USD",
    "cik": "0001341439",
    "filingDate": "2016-06-22",
    "acceptedDate": "2016-06-22 16:24:36",
    "fiscalYear": "2016",
    "period": "Q4",
    "revenue": 10594000000,
    "costOfRevenue": 1936000000,
    "grossProfit": 8658000000,
    "researchAndDevelopmentExpenses": 1534000000,
    "generalAndAdministrativeExpenses": 323000000,
    "sellingAndMarketingExpenses": 2306000000,
    "sellingGeneralAndAdministrativeExpenses": 2629000000,
    "otherExpenses": 527000000,
    "operatingExpenses": 4690000000,
    "costAndExpenses": 6656000000,
    "netInterestIncome": -206000000,
    "interestIncome": 156000000,
    "interestExpense": 362000000,
    "depreciationAndAmortization": 1170000000,
    "ebitda": 5310000000,
    "ebit": 4140000000,
    "nonOperatingIncomeExcludingInterest": -172000000,
    "operatingIncome": 3968000000,
    "totalOtherIncomeExpensesNet": -236000000,
    "incomeBeforeTax": 3732000000,
    "incomeTaxExpense": 918000000,
    "netIncomeFromContinuingOperations": 2814000000,
    "netIncomeFromDiscontinuedOperations": 0,
    "otherAdjustmentsToNetIncome": 0,
    "netIncome": 2814000000,
    "netIncomeDeductions": 0,
    "bottomLineNetIncome": 2814000000,
    "eps": 0.68,
    "epsDiluted": 0.66,
    "weightedAverageShsOut": 4238000000,
    "weightedAverageShsOutDil": 4245746000
  },
  {
    "date": "2016-02-29",
    "symbol": "ORCL",
    "reportedCurrency": "USD",
    "cik": "0001341439",
    "filingDate": "2016-03-18",
    "acceptedDate": "2016-03-18 16:11:19",
    "fiscalYear": "2016",
    "period": "Q3",
    "revenue": 9012000000,
    "costOfRevenue": 1839000000,
    "grossProfit": 7173000000,
    "researchAndDevelopmentExpenses": 1419000000,
    "generalAndAdministrativeExpenses": 290000000,
    "sellingAndMarketingExpenses": 1903000000,
    "sellingGeneralAndAdministrativeExpenses": 2193000000,
    "otherExpenses": 534000000,
    "operatingExpenses": 4146000000,
    "costAndExpenses": 5985000000,
    "netInterestIncome": -219000000,
    "interestIncome": 141000000,
    "interestExpense": 360000000,
    "depreciationAndAmortization": 435000000,
    "ebitda": 3588000000,
    "ebit": 3153000000,
    "nonOperatingIncomeExcludingInterest": -126000000,
    "operatingIncome": 3027000000,
    "totalOtherIncomeExpensesNet": -295000000,
    "incomeBeforeTax": 2732000000,
    "incomeTaxExpense": 590000000,
    "netIncomeFromContinuingOperations": 2142000000,
    "netIncomeFromDiscontinuedOperations": 0,
    "otherAdjustmentsToNetIncome": 0,
    "netIncome": 2142000000,
    "netIncomeDeductions": 0,
    "bottomLineNetIncome": 2142000000,
    "eps": 0.51,
    "epsDiluted": 0.5,
    "weightedAverageShsOut": 4256000000,
    "weightedAverageShsOutDil": 4284000000
  },
  {
    "date": "2015-11-30",
    "symbol": "ORCL",
    "reportedCurrency": "USD",
    "cik": "0001341439",
    "filingDate": "2015-12-18",
    "acceptedDate": "2015-12-18 16:04:50",
    "fiscalYear": "2016",
    "period": "Q2",
    "revenue": 8993000000,
    "costOfRevenue": 1853000000,
    "grossProfit": 7140000000,
    "researchAndDevelopmentExpenses": 1444000000,
    "generalAndAdministrativeExpenses": 285000000,
    "sellingAndMarketingExpenses": 1945000000,
    "sellingGeneralAndAdministrativeExpenses": 2230000000,
    "otherExpenses": 511000000,
    "operatingExpenses": 4185000000,
    "costAndExpenses": 6038000000,
    "netInterestIncome": -248000000,
    "interestIncome": 123000000,
    "interestExpense": 371000000,
    "depreciationAndAmortization": 443000000,
    "ebitda": 3486000000,
    "ebit": 3043000000,
    "nonOperatingIncomeExcludingInterest": -88000000,
    "operatingIncome": 2955000000,
    "totalOtherIncomeExpensesNet": -287000000,
    "incomeBeforeTax": 2668000000,
    "incomeTaxExpense": 471000000,
    "netIncomeFromContinuingOperations": 2197000000,
    "netIncomeFromDiscontinuedOperations": 0,
    "otherAdjustmentsToNetIncome": 0,
    "netIncome": 2197000000,
    "netIncomeDeductions": 0,
    "bottomLineNetIncome": 2197000000,
    "eps": 0.52,
    "epsDiluted": 0.51,
    "weightedAverageShsOut": 4307843000,
    "weightedAverageShsOutDil": 4316000000
  },
  {
    "date": "2015-08-31",
    "symbol": "ORCL",
    "reportedCurrency": "USD",
    "cik": "0001341439",
    "filingDate": "2015-09-18",
    "acceptedDate": "2015-09-18 17:18:22",
    "fiscalYear": "2016",
    "period": "Q1",
    "revenue": 8448000000,
    "costOfRevenue": 1850000000,
    "grossProfit": 6598000000,
    "researchAndDevelopmentExpenses": 1390000000,
    "generalAndAdministrativeExpenses": 257000000,
    "sellingAndMarketingExpenses": 1731000000,
    "sellingGeneralAndAdministrativeExpenses": 1988000000,
    "otherExpenses": 566000000,
    "operatingExpenses": 3944000000,
    "costAndExpenses": 5794000000,
    "netInterestIncome": -257000000,
    "interestIncome": 117000000,
    "interestExpense": 374000000,
    "depreciationAndAmortization": 461000000,
    "ebitda": 3229000000,
    "ebit": 2768000000,
    "nonOperatingIncomeExcludingInterest": -114000000,
    "operatingIncome": 2654000000,
    "totalOtherIncomeExpensesNet": -344000000,
    "incomeBeforeTax": 2310000000,
    "incomeTaxExpense": 563000000,
    "netIncomeFromContinuingOperations": 1747000000,
    "netIncomeFromDiscontinuedOperations": 0,
    "otherAdjustmentsToNetIncome": 0,
    "netIncome": 1747000000,
    "netIncomeDeductions": 0,
    "bottomLineNetIncome": 1747000000,
    "eps": 0.4,
    "epsDiluted": 0.4,
    "weightedAverageShsOut": 4367500000,
    "weightedAverageShsOutDil": 4412000000
  },
  {
    "date": "2015-05-31",
    "symbol": "ORCL",
    "reportedCurrency": "USD",
    "cik": "0001341439",
    "filingDate": "2015-06-25",
    "acceptedDate": "2015-06-25 17:03:14",
    "fiscalYear": "2015",
    "period": "Q4",
    "revenue": 10706000000,
    "costOfRevenue": 2053000000,
    "grossProfit": 8653000000,
    "researchAndDevelopmentExpenses": 1436000000,
    "generalAndAdministrativeExpenses": 278000000,
    "sellingAndMarketingExpenses": 2212000000,
    "sellingGeneralAndAdministrativeExpenses": 2490000000,
    "otherExpenses": 745000000,
    "operatingExpenses": 4671000000,
    "costAndExpenses": 6724000000,
    "netInterestIncome": -227000000,
    "interestIncome": 99000000,
    "interestExpense": 325000000,
    "depreciationAndAmortization": 455000000,
    "ebitda": 4675000000,
    "ebit": 4220000000,
    "nonOperatingIncomeExcludingInterest": -238000000,
    "operatingIncome": 3982000000,
    "totalOtherIncomeExpensesNet": -285000000,
    "incomeBeforeTax": 3697000000,
    "incomeTaxExpense": 940000000,
    "netIncomeFromContinuingOperations": 2757000000,
    "netIncomeFromDiscontinuedOperations": 0,
    "otherAdjustmentsToNetIncome": 0,
    "netIncome": 2758000000,
    "netIncomeDeductions": 0,
    "bottomLineNetIncome": 2757000000,
    "eps": 0.63,
    "epsDiluted": 0.62,
    "weightedAverageShsOut": 4440150000,
    "weightedAverageShsOutDil": 4463000000
  },
  {
    "date": "2015-02-28",
    "symbol": "ORCL",
    "reportedCurrency": "USD",
    "cik": "0001341439",
    "filingDate": "2015-03-19",
    "acceptedDate": "2015-03-19 16:31:53",
    "fiscalYear": "2015",
    "period": "Q3",
    "revenue": 9327000000,
    "costOfRevenue": 1900000000,
    "grossProfit": 7427000000,
    "researchAndDevelopmentExpenses": 1370000000,
    "generalAndAdministrativeExpenses": 252000000,
    "sellingAndMarketingExpenses": 1839000000,
    "sellingGeneralAndAdministrativeExpenses": 2091000000,
    "otherExpenses": 583000000,
    "operatingExpenses": 4044000000,
    "costAndExpenses": 5944000000,
    "netInterestIncome": -191000000,
    "interestIncome": 82000000,
    "interestExpense": 273000000,
    "depreciationAndAmortization": 431000000,
    "ebitda": 3870000000,
    "ebit": 3423000000,
    "nonOperatingIncomeExcludingInterest": -40000000,
    "operatingIncome": 3383000000,
    "totalOtherIncomeExpensesNet": -233000000,
    "incomeBeforeTax": 3150000000,
    "incomeTaxExpense": 655000000,
    "netIncomeFromContinuingOperations": 2495000000,
    "netIncomeFromDiscontinuedOperations": 0,
    "otherAdjustmentsToNetIncome": 0,
    "netIncome": 2495000000,
    "netIncomeDeductions": 0,
    "bottomLineNetIncome": 2495000000,
    "eps": 0.57,
    "epsDiluted": 0.56,
    "weightedAverageShsOut": 4455357000,
    "weightedAverageShsOutDil": 4494000000
  },
  {
    "date": "2014-11-30",
    "symbol": "ORCL",
    "reportedCurrency": "USD",
    "cik": "0001341439",
    "filingDate": "2014-12-19",
    "acceptedDate": "2014-12-19 16:38:45",
    "fiscalYear": "2015",
    "period": "Q2",
    "revenue": 9598000000,
    "costOfRevenue": 1899000000,
    "grossProfit": 7699000000,
    "researchAndDevelopmentExpenses": 1389000000,
    "generalAndAdministrativeExpenses": 272000000,
    "sellingAndMarketingExpenses": 1897000000,
    "sellingGeneralAndAdministrativeExpenses": 2169000000,
    "otherExpenses": 599000000,
    "operatingExpenses": 4157000000,
    "costAndExpenses": 6056000000,
    "netInterestIncome": -203000000,
    "interestIncome": 79000000,
    "interestExpense": 282000000,
    "depreciationAndAmortization": 733000000,
    "ebitda": 4284000000,
    "ebit": 3551000000,
    "nonOperatingIncomeExcludingInterest": -9000000,
    "operatingIncome": 3542000000,
    "totalOtherIncomeExpensesNet": -273000000,
    "incomeBeforeTax": 3269000000,
    "incomeTaxExpense": 767000000,
    "netIncomeFromContinuingOperations": 2502000000,
    "netIncomeFromDiscontinuedOperations": 0,
    "otherAdjustmentsToNetIncome": 0,
    "netIncome": 2502000000,
    "netIncomeDeductions": 0,
    "bottomLineNetIncome": 2502000000,
    "eps": 0.57,
    "epsDiluted": 0.56,
    "weightedAverageShsOut": 4467857000,
    "weightedAverageShsOutDil": 4505000000
  },
  {
    "date": "2014-08-31",
    "symbol": "ORCL",
    "reportedCurrency": "USD",
    "cik": "0001341439",
    "filingDate": "2014-09-23",
    "acceptedDate": "2014-09-23 17:28:28",
    "fiscalYear": "2015",
    "period": "Q1",
    "revenue": 8596000000,
    "costOfRevenue": 1681000000,
    "grossProfit": 6915000000,
    "researchAndDevelopmentExpenses": 1329000000,
    "generalAndAdministrativeExpenses": 276000000,
    "sellingAndMarketingExpenses": 1706000000,
    "sellingGeneralAndAdministrativeExpenses": 1982000000,
    "otherExpenses": 641000000,
    "operatingExpenses": 3952000000,
    "costAndExpenses": 5633000000,
    "netInterestIncome": -172000000,
    "interestIncome": 89000000,
    "interestExpense": 261000000,
    "depreciationAndAmortization": 431000000,
    "ebitda": 3488000000,
    "ebit": 3057000000,
    "nonOperatingIncomeExcludingInterest": -94000000,
    "operatingIncome": 2963000000,
    "totalOtherIncomeExpensesNet": -245000000,
    "incomeBeforeTax": 2718000000,
    "incomeTaxExpense": 534000000,
    "netIncomeFromContinuingOperations": 2184000000,
    "netIncomeFromDiscontinuedOperations": 0,
    "otherAdjustmentsToNetIncome": 0,
    "netIncome": 2184000000,
    "netIncomeDeductions": 0,
    "bottomLineNetIncome": 2184000000,
    "eps": 0.49,
    "epsDiluted": 0.48,
    "weightedAverageShsOut": 4451000000,
    "weightedAverageShsOutDil": 4550000000
  },
  {
    "date": "2014-05-31",
    "symbol": "ORCL",
    "reportedCurrency": "USD",
    "cik": "0001341439",
    "filingDate": "2014-06-26",
    "acceptedDate": "2014-06-26 17:07:01",
    "fiscalYear": "2014",
    "period": "Q4",
    "revenue": 11320000000,
    "costOfRevenue": 2207000000,
    "grossProfit": 9113000000,
    "researchAndDevelopmentExpenses": 1348000000,
    "generalAndAdministrativeExpenses": 265000000,
    "sellingAndMarketingExpenses": 1966000000,
    "sellingGeneralAndAdministrativeExpenses": 2231000000,
    "otherExpenses": 625000000,
    "operatingExpenses": 4204000000,
    "costAndExpenses": 6411000000,
    "netInterestIncome": -166000000,
    "interestIncome": 74000000,
    "interestExpense": 240000000,
    "depreciationAndAmortization": 724000000,
    "ebitda": 5552000000,
    "ebit": 4828000000,
    "nonOperatingIncomeExcludingInterest": 81000000,
    "operatingIncome": 4909000000,
    "totalOtherIncomeExpensesNet": -321000000,
    "incomeBeforeTax": 4588000000,
    "incomeTaxExpense": 942000000,
    "netIncomeFromContinuingOperations": 3646000000,
    "netIncomeFromDiscontinuedOperations": 0,
    "otherAdjustmentsToNetIncome": 0,
    "netIncome": 3646000000,
    "netIncomeDeductions": 0,
    "bottomLineNetIncome": 3646000000,
    "eps": 0.81,
    "epsDiluted": 0.8,
    "weightedAverageShsOut": 4546259000,
    "weightedAverageShsOutDil": 4569000000
  },
  {
    "date": "2014-01-31",
    "symbol": "ORCL",
    "reportedCurrency": "USD",
    "cik": "0001341439",
    "filingDate": "2014-03-20",
    "acceptedDate": "2014-03-20 16:28:15",
    "fiscalYear": "2014",
    "period": "Q3",
    "revenue": 9307000000,
    "costOfRevenue": 1775000000,
    "grossProfit": 7532000000,
    "researchAndDevelopmentExpenses": 1292000000,
    "generalAndAdministrativeExpenses": 251000000,
    "sellingAndMarketingExpenses": 1829000000,
    "sellingGeneralAndAdministrativeExpenses": 2080000000,
    "otherExpenses": 593000000,
    "operatingExpenses": 3965000000,
    "costAndExpenses": 5740000000,
    "netInterestIncome": -161000000,
    "interestIncome": 67000000,
    "interestExpense": 228000000,
    "depreciationAndAmortization": 710000000,
    "ebitda": 4187000000,
    "ebit": 3477000000,
    "nonOperatingIncomeExcludingInterest": 90000000,
    "operatingIncome": 3567000000,
    "totalOtherIncomeExpensesNet": -318000000,
    "incomeBeforeTax": 3249000000,
    "incomeTaxExpense": 684000000,
    "netIncomeFromContinuingOperations": 2565000000,
    "netIncomeFromDiscontinuedOperations": 0,
    "otherAdjustmentsToNetIncome": 0,
    "netIncome": 2565000000,
    "netIncomeDeductions": 0,
    "bottomLineNetIncome": 2565000000,
    "eps": 0.57,
    "epsDiluted": 0.56,
    "weightedAverageShsOut": 4575000000,
    "weightedAverageShsOutDil": 4580357000
  },
  {
    "date": "2013-11-30",
    "symbol": "ORCL",
    "reportedCurrency": "USD",
    "cik": "0001341439",
    "filingDate": "2013-12-20",
    "acceptedDate": "2013-12-20 16:33:44",
    "fiscalYear": "2014",
    "period": "Q2",
    "revenue": 9275000000,
    "costOfRevenue": 1807000000,
    "grossProfit": 7468000000,
    "researchAndDevelopmentExpenses": 1273000000,
    "generalAndAdministrativeExpenses": 262000000,
    "sellingAndMarketingExpenses": 1877000000,
    "sellingGeneralAndAdministrativeExpenses": 2139000000,
    "otherExpenses": 646000000,
    "operatingExpenses": 4058000000,
    "costAndExpenses": 5865000000,
    "netInterestIncome": -165000000,
    "interestIncome": 65000000,
    "interestExpense": 230000000,
    "depreciationAndAmortization": 436000000,
    "ebitda": 3915000000,
    "ebit": 3479000000,
    "nonOperatingIncomeExcludingInterest": -69000000,
    "operatingIncome": 3410000000,
    "totalOtherIncomeExpensesNet": -207000000,
    "incomeBeforeTax": 3203000000,
    "incomeTaxExpense": 650000000,
    "netIncomeFromContinuingOperations": 2553000000,
    "netIncomeFromDiscontinuedOperations": 0,
    "otherAdjustmentsToNetIncome": 0,
    "netIncome": 2553000000,
    "netIncomeDeductions": 0,
    "bottomLineNetIncome": 2553000000,
    "eps": 0.56,
    "epsDiluted": 0.56,
    "weightedAverageShsOut": 4558929000,
    "weightedAverageShsOutDil": 4600000000
  },
  {
    "date": "2013-08-31",
    "symbol": "ORCL",
    "reportedCurrency": "USD",
    "cik": "0001341439",
    "filingDate": "2013-09-20",
    "acceptedDate": "2013-09-20 17:01:37",
    "fiscalYear": "2014",
    "period": "Q1",
    "revenue": 8372000000,
    "costOfRevenue": 1721000000,
    "grossProfit": 6651000000,
    "researchAndDevelopmentExpenses": 1237000000,
    "generalAndAdministrativeExpenses": 260000000,
    "sellingAndMarketingExpenses": 1620000000,
    "sellingGeneralAndAdministrativeExpenses": 1880000000,
    "otherExpenses": 661000000,
    "operatingExpenses": 3778000000,
    "costAndExpenses": 5499000000,
    "netInterestIncome": -160000000,
    "interestIncome": 57000000,
    "interestExpense": 217000000,
    "depreciationAndAmortization": 745000000,
    "ebitda": 3625000000,
    "ebit": 2880000000,
    "nonOperatingIncomeExcludingInterest": 59000000,
    "operatingIncome": 2939000000,
    "totalOtherIncomeExpensesNet": -276000000,
    "incomeBeforeTax": 2663000000,
    "incomeTaxExpense": 472000000,
    "netIncomeFromContinuingOperations": 2191000000,
    "netIncomeFromDiscontinuedOperations": 0,
    "otherAdjustmentsToNetIncome": 0,
    "netIncome": 2191000000,
    "netIncomeDeductions": 0,
    "bottomLineNetIncome": 2191000000,
    "eps": 0.48,
    "epsDiluted": 0.47,
    "weightedAverageShsOut": 4608000000,
    "weightedAverageShsOutDil": 4674000000
  },
  {
    "date": "2013-05-31",
    "symbol": "ORCL",
    "reportedCurrency": "USD",
    "cik": "0001341439",
    "filingDate": "2013-06-26",
    "acceptedDate": "2013-06-26 17:24:42",
    "fiscalYear": "2013",
    "period": "Q4",
    "revenue": 10947000000,
    "costOfRevenue": 1828000000,
    "grossProfit": 9119000000,
    "researchAndDevelopmentExpenses": 1264000000,
    "generalAndAdministrativeExpenses": 274000000,
    "sellingAndMarketingExpenses": 2208000000,
    "sellingGeneralAndAdministrativeExpenses": 2482000000,
    "otherExpenses": 373000000,
    "operatingExpenses": 4119000000,
    "costAndExpenses": 5947000000,
    "netInterestIncome": -152000000,
    "interestIncome": 57000000,
    "interestExpense": 209000000,
    "depreciationAndAmortization": 742000000,
    "ebitda": 5777000000,
    "ebit": 5035000000,
    "nonOperatingIncomeExcludingInterest": -258000000,
    "operatingIncome": 4777000000,
    "totalOtherIncomeExpensesNet": 49000000,
    "incomeBeforeTax": 4826000000,
    "incomeTaxExpense": 1020000000,
    "netIncomeFromContinuingOperations": 3806000000,
    "netIncomeFromDiscontinuedOperations": 0,
    "otherAdjustmentsToNetIncome": 0,
    "netIncome": 3806000000,
    "netIncomeDeductions": 0,
    "bottomLineNetIncome": 3806000000,
    "eps": 0.81,
    "epsDiluted": 0.8,
    "weightedAverageShsOut": 4722676000,
    "weightedAverageShsOutDil": 4756000000
  },
  {
    "date": "2013-02-28",
    "symbol": "ORCL",
    "reportedCurrency": "USD",
    "cik": "0001341439",
    "filingDate": "2013-03-22",
    "acceptedDate": "2013-03-22 16:27:38",
    "fiscalYear": "2013",
    "period": "Q3",
    "revenue": 8958000000,
    "costOfRevenue": 1716000000,
    "grossProfit": 7242000000,
    "researchAndDevelopmentExpenses": 1186000000,
    "generalAndAdministrativeExpenses": 260000000,
    "sellingAndMarketingExpenses": 1802000000,
    "sellingGeneralAndAdministrativeExpenses": 2062000000,
    "otherExpenses": 660000000,
    "operatingExpenses": 3908000000,
    "costAndExpenses": 5624000000,
    "netInterestIncome": -143000000,
    "interestIncome": 62000000,
    "interestExpense": 205000000,
    "depreciationAndAmortization": 725000000,
    "ebitda": 4020000000,
    "ebit": 3295000000,
    "nonOperatingIncomeExcludingInterest": 113000000,
    "operatingIncome": 3408000000,
    "totalOtherIncomeExpensesNet": -318000000,
    "incomeBeforeTax": 3090000000,
    "incomeTaxExpense": 586000000,
    "netIncomeFromContinuingOperations": 2504000000,
    "netIncomeFromDiscontinuedOperations": 0,
    "otherAdjustmentsToNetIncome": 0,
    "netIncome": 2504000000,
    "netIncomeDeductions": 0,
    "bottomLineNetIncome": 2504000000,
    "eps": 0.52,
    "epsDiluted": 0.52,
    "weightedAverageShsOut": 4812000000,
    "weightedAverageShsOutDil": 4815385000
  },
  {
    "date": "2012-11-30",
    "symbol": "ORCL",
    "reportedCurrency": "USD",
    "cik": "0001341439",
    "filingDate": "2012-12-21",
    "acceptedDate": "2012-12-21 16:14:27",
    "fiscalYear": "2013",
    "period": "Q2",
    "revenue": 9094000000,
    "costOfRevenue": 1794000000,
    "grossProfit": 7300000000,
    "researchAndDevelopmentExpenses": 1199000000,
    "generalAndAdministrativeExpenses": 263000000,
    "sellingAndMarketingExpenses": 1773000000,
    "sellingGeneralAndAdministrativeExpenses": 2036000000,
    "otherExpenses": 594000000,
    "operatingExpenses": 3829000000,
    "costAndExpenses": 5623000000,
    "netInterestIncome": -134000000,
    "interestIncome": 61000000,
    "interestExpense": 195000000,
    "depreciationAndAmortization": 405000000,
    "ebitda": 3886000000,
    "ebit": 3475000000,
    "nonOperatingIncomeExcludingInterest": 6000000,
    "operatingIncome": 3481000000,
    "totalOtherIncomeExpensesNet": -201000000,
    "incomeBeforeTax": 3280000000,
    "incomeTaxExpense": 699000000,
    "netIncomeFromContinuingOperations": 2581000000,
    "netIncomeFromDiscontinuedOperations": 0,
    "otherAdjustmentsToNetIncome": 0,
    "netIncome": 2581000000,
    "netIncomeDeductions": 0,
    "bottomLineNetIncome": 2581000000,
    "eps": 0.53,
    "epsDiluted": 0.53,
    "weightedAverageShsOut": 4868000000,
    "weightedAverageShsOutDil": 4869811000
  },
  {
    "date": "2012-08-31",
    "symbol": "ORCL",
    "reportedCurrency": "USD",
    "cik": "0001341439",
    "filingDate": "2012-09-24",
    "acceptedDate": "2012-09-24 16:59:18",
    "fiscalYear": "2013",
    "period": "Q1",
    "revenue": 8181000000,
    "costOfRevenue": 1775000000,
    "grossProfit": 6406000000,
    "researchAndDevelopmentExpenses": 1201000000,
    "generalAndAdministrativeExpenses": 275000000,
    "sellingAndMarketingExpenses": 1545000000,
    "sellingGeneralAndAdministrativeExpenses": 1820000000,
    "otherExpenses": 506000000,
    "operatingExpenses": 3527000000,
    "costAndExpenses": 5302000000,
    "netInterestIncome": -131000000,
    "interestIncome": 57000000,
    "interestExpense": 188000000,
    "depreciationAndAmortization": 746000000,
    "ebitda": 3636000000,
    "ebit": 2890000000,
    "nonOperatingIncomeExcludingInterest": -11000000,
    "operatingIncome": 2879000000,
    "totalOtherIncomeExpensesNet": -177000000,
    "incomeBeforeTax": 2702000000,
    "incomeTaxExpense": 668000000,
    "netIncomeFromContinuingOperations": 2034000000,
    "netIncomeFromDiscontinuedOperations": 0,
    "otherAdjustmentsToNetIncome": 0,
    "netIncome": 2034000000,
    "netIncomeDeductions": 0,
    "bottomLineNetIncome": 2034000000,
    "eps": 0.42,
    "epsDiluted": 0.41,
    "weightedAverageShsOut": 4867000000,
    "weightedAverageShsOutDil": 4939000000
  },
  {
    "date": "2012-05-31",
    "symbol": "ORCL",
    "reportedCurrency": "USD",
    "cik": "0001341439",
    "filingDate": "2012-06-26",
    "acceptedDate": "2012-06-26 17:25:40",
    "fiscalYear": "2012",
    "period": "Q4",
    "revenue": 10916000000,
    "costOfRevenue": 2006000000,
    "grossProfit": 8910000000,
    "researchAndDevelopmentExpenses": 1226000000,
    "generalAndAdministrativeExpenses": 278000000,
    "sellingAndMarketingExpenses": 2100000000,
    "sellingGeneralAndAdministrativeExpenses": 2378000000,
    "otherExpenses": 711000000,
    "operatingExpenses": 4315000000,
    "costAndExpenses": 6321000000,
    "netInterestIncome": -136000000,
    "interestIncome": 56000000,
    "interestExpense": 192000000,
    "depreciationAndAmortization": 776000000,
    "ebitda": 5351000000,
    "ebit": 4575000000,
    "nonOperatingIncomeExcludingInterest": 20000000,
    "operatingIncome": 4595000000,
    "totalOtherIncomeExpensesNet": -212000000,
    "incomeBeforeTax": 4383000000,
    "incomeTaxExpense": 931000000,
    "netIncomeFromContinuingOperations": 3452000000,
    "netIncomeFromDiscontinuedOperations": 0,
    "otherAdjustmentsToNetIncome": 0,
    "netIncome": 3452000000,
    "netIncomeDeductions": 0,
    "bottomLineNetIncome": 3452000000,
    "eps": 0.71,
    "epsDiluted": 0.71,
    "weightedAverageShsOut": 4867000000,
    "weightedAverageShsOutDil": 4867000000
  },
  {
    "date": "2012-02-29",
    "symbol": "ORCL",
    "reportedCurrency": "USD",
    "cik": "0001341439",
    "filingDate": "2012-03-23",
    "acceptedDate": "2012-03-23 17:04:59",
    "fiscalYear": "2012",
    "period": "Q3",
    "revenue": 9039000000,
    "costOfRevenue": 1908000000,
    "grossProfit": 7131000000,
    "researchAndDevelopmentExpenses": 1145000000,
    "generalAndAdministrativeExpenses": 261000000,
    "sellingAndMarketingExpenses": 1700000000,
    "sellingGeneralAndAdministrativeExpenses": 1961000000,
    "otherExpenses": 708000000,
    "operatingExpenses": 3814000000,
    "costAndExpenses": 5722000000,
    "netInterestIncome": -130000000,
    "interestIncome": 60000000,
    "interestExpense": 190000000,
    "depreciationAndAmortization": 730000000,
    "ebitda": 4068000000,
    "ebit": 3338000000,
    "nonOperatingIncomeExcludingInterest": -21000000,
    "operatingIncome": 3317000000,
    "totalOtherIncomeExpensesNet": -169000000,
    "incomeBeforeTax": 3148000000,
    "incomeTaxExpense": 650000000,
    "netIncomeFromContinuingOperations": 2498000000,
    "netIncomeFromDiscontinuedOperations": 0,
    "otherAdjustmentsToNetIncome": 0,
    "netIncome": 2498000000,
    "netIncomeDeductions": 0,
    "bottomLineNetIncome": 2498000000,
    "eps": 0.5,
    "epsDiluted": 0.49,
    "weightedAverageShsOut": 5007000000,
    "weightedAverageShsOutDil": 5080000000
  },
  {
    "date": "2011-11-30",
    "symbol": "ORCL",
    "reportedCurrency": "USD",
    "cik": "0001341439",
    "filingDate": "2011-12-23",
    "acceptedDate": "2011-12-23 16:31:28",
    "fiscalYear": "2012",
    "period": "Q2",
    "revenue": 8792000000,
    "costOfRevenue": 1956000000,
    "grossProfit": 6836000000,
    "researchAndDevelopmentExpenses": 1102000000,
    "generalAndAdministrativeExpenses": 277000000,
    "sellingAndMarketingExpenses": 1697000000,
    "sellingGeneralAndAdministrativeExpenses": 1974000000,
    "otherExpenses": 649000000,
    "operatingExpenses": 3725000000,
    "costAndExpenses": 5681000000,
    "netInterestIncome": -134000000,
    "interestIncome": 58000000,
    "interestExpense": 192000000,
    "depreciationAndAmortization": 701000000,
    "ebitda": 3853000000,
    "ebit": 3152000000,
    "nonOperatingIncomeExcludingInterest": -41000000,
    "operatingIncome": 3111000000,
    "totalOtherIncomeExpensesNet": -151000000,
    "incomeBeforeTax": 2960000000,
    "incomeTaxExpense": 768000000,
    "netIncomeFromContinuingOperations": 2192000000,
    "netIncomeFromDiscontinuedOperations": 0,
    "otherAdjustmentsToNetIncome": 0,
    "netIncome": 2192000000,
    "netIncomeDeductions": 0,
    "bottomLineNetIncome": 2192000000,
    "eps": 0.43,
    "epsDiluted": 0.43,
    "weightedAverageShsOut": 5041000000,
    "weightedAverageShsOutDil": 5123000000
  },
  {
    "date": "2011-08-31",
    "symbol": "ORCL",
    "reportedCurrency": "USD",
    "cik": "0001341439",
    "filingDate": "2011-09-23",
    "acceptedDate": "2011-09-23 17:29:18",
    "fiscalYear": "2012",
    "period": "Q1",
    "revenue": 8374000000,
    "costOfRevenue": 1988000000,
    "grossProfit": 6386000000,
    "researchAndDevelopmentExpenses": 1050000000,
    "generalAndAdministrativeExpenses": 311000000,
    "sellingAndMarketingExpenses": 1630000000,
    "sellingGeneralAndAdministrativeExpenses": 1941000000,
    "otherExpenses": 712000000,
    "operatingExpenses": 3703000000,
    "costAndExpenses": 5691000000,
    "netInterestIncome": -135000000,
    "interestIncome": 57000000,
    "interestExpense": 192000000,
    "depreciationAndAmortization": 709000000,
    "ebitda": 3372000000,
    "ebit": 2663000000,
    "nonOperatingIncomeExcludingInterest": 20000000,
    "operatingIncome": 2683000000,
    "totalOtherIncomeExpensesNet": -212000000,
    "incomeBeforeTax": 2471000000,
    "incomeTaxExpense": 631000000,
    "netIncomeFromContinuingOperations": 1840000000,
    "netIncomeFromDiscontinuedOperations": 0,
    "otherAdjustmentsToNetIncome": 0,
    "netIncome": 1840000000,
    "netIncomeDeductions": 0,
    "bottomLineNetIncome": 1840000000,
    "eps": 0.36,
    "epsDiluted": 0.36,
    "weightedAverageShsOut": 5062000000,
    "weightedAverageShsOutDil": 5150000000
  },
  {
    "date": "2011-05-31",
    "symbol": "ORCL",
    "reportedCurrency": "USD",
    "cik": "0001341439",
    "filingDate": "2011-06-28",
    "acceptedDate": "2011-06-27 21:44:56",
    "fiscalYear": "2011",
    "period": "Q4",
    "revenue": 10775000000,
    "costOfRevenue": 2169000000,
    "grossProfit": 8606000000,
    "researchAndDevelopmentExpenses": 1170000000,
    "generalAndAdministrativeExpenses": 256000000,
    "sellingAndMarketingExpenses": 2097000000,
    "sellingGeneralAndAdministrativeExpenses": 2353000000,
    "otherExpenses": 724000000,
    "operatingExpenses": 4247000000,
    "costAndExpenses": 6416000000,
    "netInterestIncome": -150000000,
    "interestIncome": 45000000,
    "interestExpense": 195000000,
    "depreciationAndAmortization": 684000000,
    "ebitda": 5049000000,
    "ebit": 4365000000,
    "nonOperatingIncomeExcludingInterest": -6000000,
    "operatingIncome": 4359000000,
    "totalOtherIncomeExpensesNet": -189000000,
    "incomeBeforeTax": 4170000000,
    "incomeTaxExpense": 961000000,
    "netIncomeFromContinuingOperations": 3209000000,
    "netIncomeFromDiscontinuedOperations": 0,
    "otherAdjustmentsToNetIncome": 0,
    "netIncome": 3209000000,
    "netIncomeDeductions": 0,
    "bottomLineNetIncome": 3209000000,
    "eps": 0.63,
    "epsDiluted": 0.63,
    "weightedAverageShsOut": 5062000000,
    "weightedAverageShsOutDil": 5062000000
  },
  {
    "date": "2011-02-28",
    "symbol": "ORCL",
    "reportedCurrency": "USD",
    "cik": "0001341439",
    "filingDate": "2011-03-29",
    "acceptedDate": "2011-03-29 15:30:11",
    "fiscalYear": "2011",
    "period": "Q3",
    "revenue": 8764000000,
    "costOfRevenue": 2012000000,
    "grossProfit": 6752000000,
    "researchAndDevelopmentExpenses": 1127000000,
    "generalAndAdministrativeExpenses": 286000000,
    "sellingAndMarketingExpenses": 1618000000,
    "sellingGeneralAndAdministrativeExpenses": 1904000000,
    "otherExpenses": 734000000,
    "operatingExpenses": 3765000000,
    "costAndExpenses": 5777000000,
    "netInterestIncome": -160000000,
    "interestIncome": 44000000,
    "interestExpense": 204000000,
    "depreciationAndAmortization": 701000000,
    "ebitda": 3704000000,
    "ebit": 3003000000,
    "nonOperatingIncomeExcludingInterest": -16000000,
    "operatingIncome": 2987000000,
    "totalOtherIncomeExpensesNet": -188000000,
    "incomeBeforeTax": 2799000000,
    "incomeTaxExpense": 683000000,
    "netIncomeFromContinuingOperations": 2116000000,
    "netIncomeFromDiscontinuedOperations": 0,
    "otherAdjustmentsToNetIncome": 0,
    "netIncome": 2116000000,
    "netIncomeDeductions": 0,
    "bottomLineNetIncome": 2116000000,
    "eps": 0.42,
    "epsDiluted": 0.41,
    "weightedAverageShsOut": 5057000000,
    "weightedAverageShsOutDil": 5149000000
  },
  {
    "date": "2010-11-30",
    "symbol": "ORCL",
    "reportedCurrency": "USD",
    "cik": "0001341439",
    "filingDate": "2010-12-21",
    "acceptedDate": "2010-12-21 17:18:21",
    "fiscalYear": "2011",
    "period": "Q2",
    "revenue": 8582000000,
    "costOfRevenue": 2157000000,
    "grossProfit": 6425000000,
    "researchAndDevelopmentExpenses": 1119000000,
    "generalAndAdministrativeExpenses": 156000000,
    "sellingAndMarketingExpenses": 1530000000,
    "sellingGeneralAndAdministrativeExpenses": 1686000000,
    "otherExpenses": 850000000,
    "operatingExpenses": 3655000000,
    "costAndExpenses": 5812000000,
    "netInterestIncome": -175000000,
    "interestIncome": 39000000,
    "interestExpense": 214000000,
    "depreciationAndAmortization": 709000000,
    "ebitda": 3569000000,
    "ebit": 2860000000,
    "nonOperatingIncomeExcludingInterest": -90000000,
    "operatingIncome": 2770000000,
    "totalOtherIncomeExpensesNet": -124000000,
    "incomeBeforeTax": 2646000000,
    "incomeTaxExpense": 776000000,
    "netIncomeFromContinuingOperations": 1870000000,
    "netIncomeFromDiscontinuedOperations": 0,
    "otherAdjustmentsToNetIncome": 0,
    "netIncome": 1870000000,
    "netIncomeDeductions": 0,
    "bottomLineNetIncome": 1870000000,
    "eps": 0.37,
    "epsDiluted": 0.37,
    "weightedAverageShsOut": 5044000000,
    "weightedAverageShsOutDil": 5117000000
  },
  {
    "date": "2010-08-31",
    "symbol": "ORCL",
    "reportedCurrency": "USD",
    "cik": "0001341439",
    "filingDate": "2010-09-20",
    "acceptedDate": "2010-09-20 16:13:29",
    "fiscalYear": "2011",
    "period": "Q1",
    "revenue": 7502000000,
    "costOfRevenue": 2062000000,
    "grossProfit": 5440000000,
    "researchAndDevelopmentExpenses": 1103000000,
    "generalAndAdministrativeExpenses": 272000000,
    "sellingAndMarketingExpenses": 1333000000,
    "sellingGeneralAndAdministrativeExpenses": 1605000000,
    "otherExpenses": 815000000,
    "operatingExpenses": 3523000000,
    "costAndExpenses": 5585000000,
    "netInterestIncome": -162000000,
    "interestIncome": 34000000,
    "interestExpense": 196000000,
    "depreciationAndAmortization": 702000000,
    "ebitda": 2693000000,
    "ebit": 1991000000,
    "nonOperatingIncomeExcludingInterest": -74000000,
    "operatingIncome": 1917000000,
    "totalOtherIncomeExpensesNet": -122000000,
    "incomeBeforeTax": 1795000000,
    "incomeTaxExpense": 443000000,
    "netIncomeFromContinuingOperations": 1352000000,
    "netIncomeFromDiscontinuedOperations": 0,
    "otherAdjustmentsToNetIncome": 0,
    "netIncome": 1352000000,
    "netIncomeDeductions": 0,
    "bottomLineNetIncome": 1352000000,
    "eps": 0.27,
    "epsDiluted": 0.27,
    "weightedAverageShsOut": 5026000000,
    "weightedAverageShsOutDil": 5083000000
  },
  {
    "date": "2010-05-31",
    "symbol": "ORCL",
    "reportedCurrency": "USD",
    "cik": "0001341439",
    "filingDate": "2010-07-01",
    "acceptedDate": "2010-06-30 21:59:05",
    "fiscalYear": "2010",
    "period": "Q4",
    "revenue": 9505000000,
    "costOfRevenue": 2242000000,
    "grossProfit": 7263000000,
    "researchAndDevelopmentExpenses": 1063000000,
    "generalAndAdministrativeExpenses": 292000000,
    "sellingAndMarketingExpenses": 1745000000,
    "sellingGeneralAndAdministrativeExpenses": 2037000000,
    "otherExpenses": 863000000,
    "operatingExpenses": 3963000000,
    "costAndExpenses": 6205000000,
    "netInterestIncome": -201000000,
    "interestIncome": 0,
    "interestExpense": 201000000,
    "depreciationAndAmortization": 706000000,
    "ebitda": 3982000000,
    "ebit": 3276000000,
    "nonOperatingIncomeExcludingInterest": 24000000,
    "operatingIncome": 3300000000,
    "totalOtherIncomeExpensesNet": -225000000,
    "incomeBeforeTax": 3075000000,
    "incomeTaxExpense": 712000000,
    "netIncomeFromContinuingOperations": 2363000000,
    "netIncomeFromDiscontinuedOperations": 0,
    "otherAdjustmentsToNetIncome": 0,
    "netIncome": 2363000000,
    "netIncomeDeductions": 0,
    "bottomLineNetIncome": 2363000000,
    "eps": 0.47,
    "epsDiluted": 0.47,
    "weightedAverageShsOut": 5020000000,
    "weightedAverageShsOutDil": 5026000000
  },
  {
    "date": "2010-02-28",
    "symbol": "ORCL",
    "reportedCurrency": "USD",
    "cik": "0001341439",
    "filingDate": "2010-03-29",
    "acceptedDate": "2010-03-29 17:23:54",
    "fiscalYear": "2010",
    "period": "Q3",
    "revenue": 6404000000,
    "costOfRevenue": 1419000000,
    "grossProfit": 4985000000,
    "researchAndDevelopmentExpenses": 823000000,
    "generalAndAdministrativeExpenses": 236000000,
    "sellingAndMarketingExpenses": 1241000000,
    "sellingGeneralAndAdministrativeExpenses": 1477000000,
    "otherExpenses": 842000000,
    "operatingExpenses": 3142000000,
    "costAndExpenses": 4561000000,
    "netInterestIncome": -159000000,
    "interestIncome": 27000000,
    "interestExpense": 186000000,
    "depreciationAndAmortization": 575000000,
    "ebitda": 2343000000,
    "ebit": 1768000000,
    "nonOperatingIncomeExcludingInterest": 75000000,
    "operatingIncome": 1843000000,
    "totalOtherIncomeExpensesNet": -261000000,
    "incomeBeforeTax": 1582000000,
    "incomeTaxExpense": 393000000,
    "netIncomeFromContinuingOperations": 1189000000,
    "netIncomeFromDiscontinuedOperations": 0,
    "otherAdjustmentsToNetIncome": 0,
    "netIncome": 1189000000,
    "netIncomeDeductions": 0,
    "bottomLineNetIncome": 1189000000,
    "eps": 0.24,
    "epsDiluted": 0.23,
    "weightedAverageShsOut": 5015000000,
    "weightedAverageShsOutDil": 5076000000
  },
  {
    "date": "2009-11-30",
    "symbol": "ORCL",
    "reportedCurrency": "USD",
    "cik": "0001341439",
    "filingDate": "2009-12-22",
    "acceptedDate": "2009-12-21 17:56:40",
    "fiscalYear": "2010",
    "period": "Q2",
    "revenue": 5858000000,
    "costOfRevenue": 1096000000,
    "grossProfit": 4762000000,
    "researchAndDevelopmentExpenses": 708000000,
    "generalAndAdministrativeExpenses": 183000000,
    "sellingAndMarketingExpenses": 1133000000,
    "sellingGeneralAndAdministrativeExpenses": 1316000000,
    "otherExpenses": 560000000,
    "operatingExpenses": 2584000000,
    "costAndExpenses": 3680000000,
    "netInterestIncome": -188000000,
    "interestIncome": 0,
    "interestExpense": 188000000,
    "depreciationAndAmortization": 498000000,
    "ebitda": 2709000000,
    "ebit": 2211000000,
    "nonOperatingIncomeExcludingInterest": -33000000,
    "operatingIncome": 2178000000,
    "totalOtherIncomeExpensesNet": -155000000,
    "incomeBeforeTax": 2023000000,
    "incomeTaxExpense": 565000000,
    "netIncomeFromContinuingOperations": 1458000000,
    "netIncomeFromDiscontinuedOperations": 0,
    "otherAdjustmentsToNetIncome": 0,
    "netIncome": 1458000000,
    "netIncomeDeductions": 0,
    "bottomLineNetIncome": 1458000000,
    "eps": 0.29,
    "epsDiluted": 0.29,
    "weightedAverageShsOut": 5010000000,
    "weightedAverageShsOutDil": 5064000000
  },
  {
    "date": "2009-08-31",
    "symbol": "ORCL",
    "reportedCurrency": "USD",
    "cik": "0001341439",
    "filingDate": "2009-09-21",
    "acceptedDate": "2009-09-21 16:59:46",
    "fiscalYear": "2010",
    "period": "Q1",
    "revenue": 5054000000,
    "costOfRevenue": 1008000000,
    "grossProfit": 4046000000,
    "researchAndDevelopmentExpenses": 660000000,
    "generalAndAdministrativeExpenses": 201000000,
    "sellingAndMarketingExpenses": 960000000,
    "sellingGeneralAndAdministrativeExpenses": 1161000000,
    "otherExpenses": 485000000,
    "operatingExpenses": 2306000000,
    "costAndExpenses": 3314000000,
    "netInterestIncome": -179000000,
    "interestIncome": 0,
    "interestExpense": 179000000,
    "depreciationAndAmortization": 492000000,
    "ebitda": 2233000000,
    "ebit": 1741000000,
    "nonOperatingIncomeExcludingInterest": -1000000,
    "operatingIncome": 1740000000,
    "totalOtherIncomeExpensesNet": -178000000,
    "incomeBeforeTax": 1562000000,
    "incomeTaxExpense": 438000000,
    "netIncomeFromContinuingOperations": 1124000000,
    "netIncomeFromDiscontinuedOperations": 0,
    "otherAdjustmentsToNetIncome": 0,
    "netIncome": 1124000000,
    "netIncomeDeductions": 0,
    "bottomLineNetIncome": 1124000000,
    "eps": 0.22,
    "epsDiluted": 0.22,
    "weightedAverageShsOut": 5009000000,
    "weightedAverageShsOutDil": 5063000000
  },
  {
    "date": "2009-05-31",
    "symbol": "ORCL",
    "reportedCurrency": "USD",
    "cik": "0001341439",
    "filingDate": "2009-06-29",
    "acceptedDate": "2009-06-29 17:05:21",
    "fiscalYear": "2009",
    "period": "Q4",
    "revenue": 6861000000,
    "costOfRevenue": 1179000000,
    "grossProfit": 5682000000,
    "researchAndDevelopmentExpenses": 730000000,
    "generalAndAdministrativeExpenses": 213000000,
    "sellingAndMarketingExpenses": 1326000000,
    "sellingGeneralAndAdministrativeExpenses": 1540000000,
    "otherExpenses": 527000000,
    "operatingExpenses": 2797000000,
    "costAndExpenses": 3976000000,
    "netInterestIncome": 0,
    "interestIncome": 0,
    "interestExpense": 0,
    "depreciationAndAmortization": 502000000,
    "ebitda": 3386000000,
    "ebit": 2884000000,
    "nonOperatingIncomeExcludingInterest": 1000000,
    "operatingIncome": 2885000000,
    "totalOtherIncomeExpensesNet": -130000000,
    "incomeBeforeTax": 2755000000,
    "incomeTaxExpense": 864000000,
    "netIncomeFromContinuingOperations": 1891000000,
    "netIncomeFromDiscontinuedOperations": 0,
    "otherAdjustmentsToNetIncome": 0,
    "netIncome": 1891000000,
    "netIncomeDeductions": 0,
    "bottomLineNetIncome": 1891000000,
    "eps": 0.38,
    "epsDiluted": 0.38,
    "weightedAverageShsOut": 4995000000,
    "weightedAverageShsOutDil": 5009000000
  },
  {
    "date": "2009-02-28",
    "symbol": "ORCL",
    "reportedCurrency": "USD",
    "cik": "0001341439",
    "filingDate": "2009-03-23",
    "acceptedDate": "2009-03-23 15:29:36",
    "fiscalYear": "2009",
    "period": "Q3",
    "revenue": 5453000000,
    "costOfRevenue": 1111000000,
    "grossProfit": 4342000000,
    "researchAndDevelopmentExpenses": 677000000,
    "generalAndAdministrativeExpenses": 192000000,
    "sellingAndMarketingExpenses": 1054000000,
    "sellingGeneralAndAdministrativeExpenses": 1246000000,
    "otherExpenses": 479000000,
    "operatingExpenses": 2402000000,
    "costAndExpenses": 3513000000,
    "netInterestIncome": -154000000,
    "interestIncome": 0,
    "interestExpense": 154000000,
    "depreciationAndAmortization": 501000000,
    "ebitda": 2465000000,
    "ebit": 1964000000,
    "nonOperatingIncomeExcludingInterest": -24000000,
    "operatingIncome": 1940000000,
    "totalOtherIncomeExpensesNet": -130000000,
    "incomeBeforeTax": 1810000000,
    "incomeTaxExpense": 481000000,
    "netIncomeFromContinuingOperations": 1329000000,
    "netIncomeFromDiscontinuedOperations": 0,
    "otherAdjustmentsToNetIncome": 0,
    "netIncome": 1329000000,
    "netIncomeDeductions": 0,
    "bottomLineNetIncome": 1329000000,
    "eps": 0.27,
    "epsDiluted": 0.26,
    "weightedAverageShsOut": 5005000000,
    "weightedAverageShsOutDil": 5056000000
  },
  {
    "date": "2008-11-30",
    "symbol": "ORCL",
    "reportedCurrency": "USD",
    "cik": "0001341439",
    "filingDate": "2008-12-22",
    "acceptedDate": "2008-12-22 17:20:40",
    "fiscalYear": "2009",
    "period": "Q2",
    "revenue": 5607000000,
    "costOfRevenue": 939000000,
    "grossProfit": 4668000000,
    "researchAndDevelopmentExpenses": 651000000,
    "generalAndAdministrativeExpenses": 174000000,
    "sellingAndMarketingExpenses": 1146000000,
    "sellingGeneralAndAdministrativeExpenses": 1320000000,
    "otherExpenses": 722000000,
    "operatingExpenses": 2693000000,
    "costAndExpenses": 3632000000,
    "netInterestIncome": -157000000,
    "interestIncome": 0,
    "interestExpense": 157000000,
    "depreciationAndAmortization": 496000000,
    "ebitda": 2479000000,
    "ebit": 1983000000,
    "nonOperatingIncomeExcludingInterest": -8000000,
    "operatingIncome": 1975000000,
    "totalOtherIncomeExpensesNet": -149000000,
    "incomeBeforeTax": 1826000000,
    "incomeTaxExpense": 530000000,
    "netIncomeFromContinuingOperations": 1296000000,
    "netIncomeFromDiscontinuedOperations": 0,
    "otherAdjustmentsToNetIncome": 0,
    "netIncome": 1296000000,
    "netIncomeDeductions": 0,
    "bottomLineNetIncome": 1296000000,
    "eps": 0.25,
    "epsDiluted": 0.25,
    "weightedAverageShsOut": 5127000000,
    "weightedAverageShsOutDil": 5187000000
  },
  {
    "date": "2008-08-31",
    "symbol": "ORCL",
    "reportedCurrency": "USD",
    "cik": "0001341439",
    "filingDate": "2008-09-22",
    "acceptedDate": "2008-09-22 10:11:23",
    "fiscalYear": "2009",
    "period": "Q1",
    "revenue": 5331000000,
    "costOfRevenue": 1026000000,
    "grossProfit": 4305000000,
    "researchAndDevelopmentExpenses": 708000000,
    "generalAndAdministrativeExpenses": 488000000,
    "sellingAndMarketingExpenses": 1112000000,
    "sellingGeneralAndAdministrativeExpenses": 1600000000,
    "otherExpenses": 476000000,
    "operatingExpenses": 2784000000,
    "costAndExpenses": 3810000000,
    "netInterestIncome": -159000000,
    "interestIncome": 0,
    "interestExpense": 159000000,
    "depreciationAndAmortization": 477000000,
    "ebitda": 2080000000,
    "ebit": 1603000000,
    "nonOperatingIncomeExcludingInterest": -82000000,
    "operatingIncome": 1521000000,
    "totalOtherIncomeExpensesNet": -77000000,
    "incomeBeforeTax": 1444000000,
    "incomeTaxExpense": 367000000,
    "netIncomeFromContinuingOperations": 1077000000,
    "netIncomeFromDiscontinuedOperations": 0,
    "otherAdjustmentsToNetIncome": 0,
    "netIncome": 1077000000,
    "netIncomeDeductions": 0,
    "bottomLineNetIncome": 1077000000,
    "eps": 0.21,
    "epsDiluted": 0.21,
    "weightedAverageShsOut": 5152000000,
    "weightedAverageShsOutDil": 5235000000
  },
  {
    "date": "2008-05-31",
    "symbol": "ORCL",
    "reportedCurrency": "USD",
    "cik": "0001341439",
    "filingDate": "2008-07-02",
    "acceptedDate": "2008-07-02 06:01:47",
    "fiscalYear": "2008",
    "period": "Q4",
    "revenue": 7239000000,
    "costOfRevenue": 1341000000,
    "grossProfit": 5898000000,
    "researchAndDevelopmentExpenses": 734000000,
    "generalAndAdministrativeExpenses": 201000000,
    "sellingAndMarketingExpenses": 1527000000,
    "sellingGeneralAndAdministrativeExpenses": 1726000000,
    "otherExpenses": 468000000,
    "operatingExpenses": 2928000000,
    "costAndExpenses": 4269000000,
    "netInterestIncome": 0,
    "interestIncome": 0,
    "interestExpense": 0,
    "depreciationAndAmortization": 411000000,
    "ebitda": 3504000000,
    "ebit": 3093000000,
    "nonOperatingIncomeExcludingInterest": -123000000,
    "operatingIncome": 2970000000,
    "totalOtherIncomeExpensesNet": -29000000,
    "incomeBeforeTax": 2941000000,
    "incomeTaxExpense": 904000000,
    "netIncomeFromContinuingOperations": 2037000000,
    "netIncomeFromDiscontinuedOperations": 0,
    "otherAdjustmentsToNetIncome": 15000000,
    "netIncome": 2037000000,
    "netIncomeDeductions": 0,
    "bottomLineNetIncome": 2037000000,
    "eps": 0.4,
    "epsDiluted": 0.4,
    "weightedAverageShsOut": 5148000000,
    "weightedAverageShsOutDil": 5152000000
  },
  {
    "date": "2008-02-29",
    "symbol": "ORCL",
    "reportedCurrency": "USD",
    "cik": "0001341439",
    "filingDate": "2008-04-01",
    "acceptedDate": "2008-04-01 16:32:46",
    "fiscalYear": "2008",
    "period": "Q3",
    "revenue": 5349000000,
    "costOfRevenue": 1243000000,
    "grossProfit": 4106000000,
    "researchAndDevelopmentExpenses": 682000000,
    "generalAndAdministrativeExpenses": 206000000,
    "sellingAndMarketingExpenses": 1083000000,
    "sellingGeneralAndAdministrativeExpenses": 1289000000,
    "otherExpenses": 260000000,
    "operatingExpenses": 2231000000,
    "costAndExpenses": 3474000000,
    "netInterestIncome": 0,
    "interestIncome": 0,
    "interestExpense": 0,
    "depreciationAndAmortization": 357000000,
    "ebitda": 2200000000,
    "ebit": 1843000000,
    "nonOperatingIncomeExcludingInterest": 32000000,
    "operatingIncome": 1875000000,
    "totalOtherIncomeExpensesNet": 2000000,
    "incomeBeforeTax": 1877000000,
    "incomeTaxExpense": 537000000,
    "netIncomeFromContinuingOperations": 1340000000,
    "netIncomeFromDiscontinuedOperations": 0,
    "otherAdjustmentsToNetIncome": 17000000,
    "netIncome": 1340000000,
    "netIncomeDeductions": 0,
    "bottomLineNetIncome": 1340000000,
    "eps": 0.26,
    "epsDiluted": 0.26,
    "weightedAverageShsOut": 5148000000,
    "weightedAverageShsOutDil": 5235000000
  },
  {
    "date": "2007-11-30",
    "symbol": "ORCL",
    "reportedCurrency": "USD",
    "cik": "0001341439",
    "filingDate": "2007-12-21",
    "acceptedDate": "2007-12-21 10:59:45",
    "fiscalYear": "2008",
    "period": "Q2",
    "revenue": 5313000000,
    "costOfRevenue": 1238000000,
    "grossProfit": 4075000000,
    "researchAndDevelopmentExpenses": 674000000,
    "generalAndAdministrativeExpenses": 206000000,
    "sellingAndMarketingExpenses": 1095000000,
    "sellingGeneralAndAdministrativeExpenses": 1301000000,
    "otherExpenses": 318000000,
    "operatingExpenses": 2293000000,
    "costAndExpenses": 3531000000,
    "netInterestIncome": 0,
    "interestIncome": 0,
    "interestExpense": 0,
    "depreciationAndAmortization": 360000000,
    "ebitda": 2170000000,
    "ebit": 1810000000,
    "nonOperatingIncomeExcludingInterest": -28000000,
    "operatingIncome": 1782000000,
    "totalOtherIncomeExpensesNet": 33000000,
    "incomeBeforeTax": 1815000000,
    "incomeTaxExpense": 512000000,
    "netIncomeFromContinuingOperations": 1303000000,
    "netIncomeFromDiscontinuedOperations": 0,
    "otherAdjustmentsToNetIncome": 16000000,
    "netIncome": 1303000000,
    "netIncomeDeductions": 0,
    "bottomLineNetIncome": 1303000000,
    "eps": 0.25,
    "epsDiluted": 0.25,
    "weightedAverageShsOut": 5125000000,
    "weightedAverageShsOutDil": 5232000000
  },
  {
    "date": "2007-08-31",
    "symbol": "ORCL",
    "reportedCurrency": "USD",
    "cik": "0001341439",
    "filingDate": "2007-09-26",
    "acceptedDate": "2007-09-26 14:22:48",
    "fiscalYear": "2008",
    "period": "Q1",
    "revenue": 4529000000,
    "costOfRevenue": 1159000000,
    "grossProfit": 3370000000,
    "researchAndDevelopmentExpenses": 652000000,
    "generalAndAdministrativeExpenses": 195000000,
    "sellingAndMarketingExpenses": 974000000,
    "sellingGeneralAndAdministrativeExpenses": 1169000000,
    "otherExpenses": 332000000,
    "operatingExpenses": 2153000000,
    "costAndExpenses": 3312000000,
    "netInterestIncome": 0,
    "interestIncome": 0,
    "interestExpense": 0,
    "depreciationAndAmortization": 352000000,
    "ebitda": 1616000000,
    "ebit": 1264000000,
    "nonOperatingIncomeExcludingInterest": -47000000,
    "operatingIncome": 1217000000,
    "totalOtherIncomeExpensesNet": -17000000,
    "incomeBeforeTax": 1200000000,
    "incomeTaxExpense": 360000000,
    "netIncomeFromContinuingOperations": 840000000,
    "netIncomeFromDiscontinuedOperations": 0,
    "otherAdjustmentsToNetIncome": 0,
    "netIncome": 840000000,
    "netIncomeDeductions": 0,
    "bottomLineNetIncome": 840000000,
    "eps": 0.16,
    "epsDiluted": 0.16,
    "weightedAverageShsOut": 5110000000,
    "weightedAverageShsOutDil": 5217000000
  },
  {
    "date": "2007-05-31",
    "symbol": "ORCL",
    "reportedCurrency": "USD",
    "cik": "0001341439",
    "filingDate": "2007-06-29",
    "acceptedDate": "2007-06-29 17:04:46",
    "fiscalYear": "2007",
    "period": "Q4",
    "revenue": 5829000000,
    "costOfRevenue": 1159000000,
    "grossProfit": 4670000000,
    "researchAndDevelopmentExpenses": 599000000,
    "generalAndAdministrativeExpenses": 190000000,
    "sellingAndMarketingExpenses": 1275000000,
    "sellingGeneralAndAdministrativeExpenses": 1464000000,
    "otherExpenses": 326000000,
    "operatingExpenses": 2389000000,
    "costAndExpenses": 3548000000,
    "netInterestIncome": 0,
    "interestIncome": 0,
    "interestExpense": 0,
    "depreciationAndAmortization": 320000000,
    "ebitda": 2672000000,
    "ebit": 2352000000,
    "nonOperatingIncomeExcludingInterest": -71000000,
    "operatingIncome": 2281000000,
    "totalOtherIncomeExpensesNet": -17000000,
    "incomeBeforeTax": 2264000000,
    "incomeTaxExpense": 660000000,
    "netIncomeFromContinuingOperations": 1604000000,
    "netIncomeFromDiscontinuedOperations": 0,
    "otherAdjustmentsToNetIncome": 0,
    "netIncome": 1604000000,
    "netIncomeDeductions": 0,
    "bottomLineNetIncome": 1604000000,
    "eps": 0.31,
    "epsDiluted": 0.31,
    "weightedAverageShsOut": 5110000000,
    "weightedAverageShsOutDil": 5110000000
  },
  {
    "date": "2007-02-28",
    "symbol": "ORCL",
    "reportedCurrency": "USD",
    "cik": "0001341439",
    "filingDate": "2007-03-27",
    "acceptedDate": "2007-03-27 17:00:49",
    "fiscalYear": "2007",
    "period": "Q3",
    "revenue": 4414000000,
    "costOfRevenue": 1030000000,
    "grossProfit": 3384000000,
    "researchAndDevelopmentExpenses": 570000000,
    "generalAndAdministrativeExpenses": 175000000,
    "sellingAndMarketingExpenses": 967000000,
    "sellingGeneralAndAdministrativeExpenses": 1142000000,
    "otherExpenses": 278000000,
    "operatingExpenses": 1990000000,
    "costAndExpenses": 3020000000,
    "netInterestIncome": 0,
    "interestIncome": 0,
    "interestExpense": 0,
    "depreciationAndAmortization": 282000000,
    "ebitda": 1732000000,
    "ebit": 1450000000,
    "nonOperatingIncomeExcludingInterest": -56000000,
    "operatingIncome": 1394000000,
    "totalOtherIncomeExpensesNet": 12000000,
    "incomeBeforeTax": 1406000000,
    "incomeTaxExpense": 373000000,
    "netIncomeFromContinuingOperations": 1033000000,
    "netIncomeFromDiscontinuedOperations": 0,
    "otherAdjustmentsToNetIncome": 0,
    "netIncome": 1033000000,
    "netIncomeDeductions": 0,
    "bottomLineNetIncome": 1033000000,
    "eps": 0.2,
    "epsDiluted": 0.2,
    "weightedAverageShsOut": 5159000000,
    "weightedAverageShsOutDil": 5257000000
  },
  {
    "date": "2006-11-30",
    "symbol": "ORCL",
    "reportedCurrency": "USD",
    "cik": "0001341439",
    "filingDate": "2006-12-21",
    "acceptedDate": "2006-12-21 16:48:08",
    "fiscalYear": "2007",
    "period": "Q2",
    "revenue": 4163000000,
    "costOfRevenue": 1025000000,
    "grossProfit": 3138000000,
    "researchAndDevelopmentExpenses": 519000000,
    "generalAndAdministrativeExpenses": 170000000,
    "sellingAndMarketingExpenses": 915000000,
    "sellingGeneralAndAdministrativeExpenses": 1085000000,
    "otherExpenses": 177000000,
    "operatingExpenses": 1781000000,
    "costAndExpenses": 2806000000,
    "netInterestIncome": 0,
    "interestIncome": 0,
    "interestExpense": 0,
    "depreciationAndAmortization": 268000000,
    "ebitda": 1600000000,
    "ebit": 1332000000,
    "nonOperatingIncomeExcludingInterest": 25000000,
    "operatingIncome": 1357000000,
    "totalOtherIncomeExpensesNet": -3000000,
    "incomeBeforeTax": 1354000000,
    "incomeTaxExpense": 387000000,
    "netIncomeFromContinuingOperations": 967000000,
    "netIncomeFromDiscontinuedOperations": 0,
    "otherAdjustmentsToNetIncome": 0,
    "netIncome": 967000000,
    "netIncomeDeductions": 0,
    "bottomLineNetIncome": 967000000,
    "eps": 0.19,
    "epsDiluted": 0.18,
    "weightedAverageShsOut": 5184000000,
    "weightedAverageShsOutDil": 5287000000
  },
  {
    "date": "2006-08-31",
    "symbol": "ORCL",
    "reportedCurrency": "USD",
    "cik": "0001341439",
    "filingDate": "2006-09-25",
    "acceptedDate": "2006-09-25 16:26:27",
    "fiscalYear": "2007",
    "period": "Q1",
    "revenue": 3591000000,
    "costOfRevenue": 980000000,
    "grossProfit": 2611000000,
    "researchAndDevelopmentExpenses": 506000000,
    "generalAndAdministrativeExpenses": 157000000,
    "sellingAndMarketingExpenses": 750000000,
    "sellingGeneralAndAdministrativeExpenses": 907000000,
    "otherExpenses": 255000000,
    "operatingExpenses": 1668000000,
    "costAndExpenses": 2648000000,
    "netInterestIncome": 0,
    "interestIncome": 0,
    "interestExpense": 0,
    "depreciationAndAmortization": 257000000,
    "ebitda": 1257000000,
    "ebit": 1000000000,
    "nonOperatingIncomeExcludingInterest": -57000000,
    "operatingIncome": 943000000,
    "totalOtherIncomeExpensesNet": 19000000,
    "incomeBeforeTax": 962000000,
    "incomeTaxExpense": 292000000,
    "netIncomeFromContinuingOperations": 670000000,
    "netIncomeFromDiscontinuedOperations": 0,
    "otherAdjustmentsToNetIncome": 0,
    "netIncome": 670000000,
    "netIncomeDeductions": 0,
    "bottomLineNetIncome": 670000000,
    "eps": 0.13,
    "epsDiluted": 0.13,
    "weightedAverageShsOut": 5217000000,
    "weightedAverageShsOutDil": 5307000000
  },
  {
    "date": "2006-05-31",
    "symbol": "ORCL",
    "reportedCurrency": "USD",
    "cik": "0001341439",
    "filingDate": "2006-07-21",
    "acceptedDate": "2006-07-21 17:24:26",
    "fiscalYear": "2006",
    "period": "Q4",
    "revenue": 4851000000,
    "costOfRevenue": 964000000,
    "grossProfit": 3887000000,
    "researchAndDevelopmentExpenses": 537000000,
    "generalAndAdministrativeExpenses": 409000000,
    "sellingAndMarketingExpenses": 837000000,
    "sellingGeneralAndAdministrativeExpenses": 1246000000,
    "otherExpenses": 247000000,
    "operatingExpenses": 2030000000,
    "costAndExpenses": 2994000000,
    "netInterestIncome": 0,
    "interestIncome": 0,
    "interestExpense": 0,
    "depreciationAndAmortization": 264000000,
    "ebitda": 2183000000,
    "ebit": 1919000000,
    "nonOperatingIncomeExcludingInterest": -62000000,
    "operatingIncome": 1857000000,
    "totalOtherIncomeExpensesNet": 22000000,
    "incomeBeforeTax": 1879000000,
    "incomeTaxExpense": 579000000,
    "netIncomeFromContinuingOperations": 1300000000,
    "netIncomeFromDiscontinuedOperations": 0,
    "otherAdjustmentsToNetIncome": 0,
    "netIncome": 1300000000,
    "netIncomeDeductions": 0,
    "bottomLineNetIncome": 1300000000,
    "eps": 0.25,
    "epsDiluted": 0.25,
    "weightedAverageShsOut": 5217000000,
    "weightedAverageShsOutDil": 5217000000
  },
  {
    "date": "2006-02-28",
    "symbol": "ORCL",
    "reportedCurrency": "USD",
    "cik": "0001341439",
    "filingDate": "2006-04-10",
    "acceptedDate": "2006-04-10 13:24:49",
    "fiscalYear": "2006",
    "period": "Q3",
    "revenue": 3470000000,
    "costOfRevenue": 790000000,
    "grossProfit": 2680000000,
    "researchAndDevelopmentExpenses": 467000000,
    "generalAndAdministrativeExpenses": 146000000,
    "sellingAndMarketingExpenses": 756000000,
    "sellingGeneralAndAdministrativeExpenses": 902000000,
    "otherExpenses": 259000000,
    "operatingExpenses": 1628000000,
    "costAndExpenses": 2418000000,
    "netInterestIncome": 0,
    "interestIncome": 0,
    "interestExpense": 0,
    "depreciationAndAmortization": 232000000,
    "ebitda": 1395000000,
    "ebit": 1163000000,
    "nonOperatingIncomeExcludingInterest": -111000000,
    "operatingIncome": 1052000000,
    "totalOtherIncomeExpensesNet": 26000000,
    "incomeBeforeTax": 1078000000,
    "incomeTaxExpense": 313000000,
    "netIncomeFromContinuingOperations": 765000000,
    "netIncomeFromDiscontinuedOperations": 0,
    "otherAdjustmentsToNetIncome": 0,
    "netIncome": 765000000,
    "netIncomeDeductions": 0,
    "bottomLineNetIncome": 765000000,
    "eps": 0.15,
    "epsDiluted": 0.14,
    "weightedAverageShsOut": 5207000000,
    "weightedAverageShsOutDil": 5304000000
  },
  {
    "date": "2005-11-30",
    "symbol": "ORCL",
    "reportedCurrency": "USD",
    "cik": "0001341439",
    "filingDate": "2005-11-30",
    "acceptedDate": "2005-11-29 19:00:00",
    "fiscalYear": "2006",
    "period": "Q2",
    "revenue": 3292000000,
    "costOfRevenue": 757000000,
    "grossProfit": 2535000000,
    "researchAndDevelopmentExpenses": 468000000,
    "generalAndAdministrativeExpenses": 0,
    "sellingAndMarketingExpenses": 0,
    "sellingGeneralAndAdministrativeExpenses": 815000000,
    "otherExpenses": 136000000,
    "operatingExpenses": 1419000000,
    "costAndExpenses": 2176000000,
    "netInterestIncome": 0,
    "interestIncome": 0,
    "interestExpense": 0,
    "depreciationAndAmortization": 167000000,
    "ebitda": 1293000000,
    "ebit": 1126000000,
    "nonOperatingIncomeExcludingInterest": -10000000,
    "operatingIncome": 1116000000,
    "totalOtherIncomeExpensesNet": 6000000,
    "incomeBeforeTax": 1122000000,
    "incomeTaxExpense": 324000000,
    "netIncomeFromContinuingOperations": 798000000,
    "netIncomeFromDiscontinuedOperations": 0,
    "otherAdjustmentsToNetIncome": 0,
    "netIncome": 798000000,
    "netIncomeDeductions": 0,
    "bottomLineNetIncome": 798000000,
    "eps": 0.15,
    "epsDiluted": 0.15,
    "weightedAverageShsOut": 5152000000,
    "weightedAverageShsOutDil": 5238000000
  },
  {
    "date": "2005-08-31",
    "symbol": "ORCL",
    "reportedCurrency": "USD",
    "cik": "0001341439",
    "filingDate": "2005-08-31",
    "acceptedDate": "2005-08-30 20:00:00",
    "fiscalYear": "2006",
    "period": "Q1",
    "revenue": 2768000000,
    "costOfRevenue": 723000000,
    "grossProfit": 2045000000,
    "researchAndDevelopmentExpenses": 400000000,
    "generalAndAdministrativeExpenses": 0,
    "sellingAndMarketingExpenses": 0,
    "sellingGeneralAndAdministrativeExpenses": 771000000,
    "otherExpenses": 162000000,
    "operatingExpenses": 1333000000,
    "costAndExpenses": 2056000000,
    "netInterestIncome": 0,
    "interestIncome": 0,
    "interestExpense": 0,
    "depreciationAndAmortization": 192000000,
    "ebitda": 943000000,
    "ebit": 751000000,
    "nonOperatingIncomeExcludingInterest": -39000000,
    "operatingIncome": 712000000,
    "totalOtherIncomeExpensesNet": 21000000,
    "incomeBeforeTax": 733000000,
    "incomeTaxExpense": 214000000,
    "netIncomeFromContinuingOperations": 519000000,
    "netIncomeFromDiscontinuedOperations": 0,
    "otherAdjustmentsToNetIncome": 0,
    "netIncome": 519000000,
    "netIncomeDeductions": 0,
    "bottomLineNetIncome": 519000000,
    "eps": 0.1,
    "epsDiluted": 0.1,
    "weightedAverageShsOut": 5148000000,
    "weightedAverageShsOutDil": 5244000000
  },
  {
    "date": "2005-05-31",
    "symbol": "ORCL",
    "reportedCurrency": "USD",
    "cik": "0001341439",
    "filingDate": "2005-05-31",
    "acceptedDate": "2005-05-30 20:00:00",
    "fiscalYear": "2005",
    "period": "Q4",
    "revenue": 3878000000,
    "costOfRevenue": 790000000,
    "grossProfit": 3088000000,
    "researchAndDevelopmentExpenses": 457000000,
    "generalAndAdministrativeExpenses": 0,
    "sellingAndMarketingExpenses": 0,
    "sellingGeneralAndAdministrativeExpenses": 957000000,
    "otherExpenses": 267000000,
    "operatingExpenses": 1681000000,
    "costAndExpenses": 2471000000,
    "netInterestIncome": 0,
    "interestIncome": 0,
    "interestExpense": 0,
    "depreciationAndAmortization": 186000000,
    "ebitda": 1738000000,
    "ebit": 1552000000,
    "nonOperatingIncomeExcludingInterest": -145000000,
    "operatingIncome": 1407000000,
    "totalOtherIncomeExpensesNet": -19000000,
    "incomeBeforeTax": 1388000000,
    "incomeTaxExpense": 366000000,
    "netIncomeFromContinuingOperations": 1022000000,
    "netIncomeFromDiscontinuedOperations": 0,
    "otherAdjustmentsToNetIncome": 0,
    "netIncome": 1022000000,
    "netIncomeDeductions": 0,
    "bottomLineNetIncome": 1022000000,
    "eps": 0.2,
    "epsDiluted": 0.2,
    "weightedAverageShsOut": 5122000000,
    "weightedAverageShsOutDil": 5122000000
  },
  {
    "date": "2005-02-28",
    "symbol": "ORCL",
    "reportedCurrency": "USD",
    "cik": "0001341439",
    "filingDate": "2005-02-28",
    "acceptedDate": "2005-02-27 19:00:00",
    "fiscalYear": "2005",
    "period": "Q3",
    "revenue": 2950000000,
    "costOfRevenue": 716000000,
    "grossProfit": 2234000000,
    "researchAndDevelopmentExpenses": 411000000,
    "generalAndAdministrativeExpenses": 0,
    "sellingAndMarketingExpenses": 0,
    "sellingGeneralAndAdministrativeExpenses": 814000000,
    "otherExpenses": 239000000,
    "operatingExpenses": 1464000000,
    "costAndExpenses": 2180000000,
    "netInterestIncome": 0,
    "interestIncome": 0,
    "interestExpense": 0,
    "depreciationAndAmortization": 134000000,
    "ebitda": 1062000000,
    "ebit": 928000000,
    "nonOperatingIncomeExcludingInterest": -158000000,
    "operatingIncome": 770000000,
    "totalOtherIncomeExpensesNet": 1000000,
    "incomeBeforeTax": 771000000,
    "incomeTaxExpense": 231000000,
    "netIncomeFromContinuingOperations": 540000000,
    "netIncomeFromDiscontinuedOperations": 0,
    "otherAdjustmentsToNetIncome": 0,
    "netIncome": 540000000,
    "netIncomeDeductions": 0,
    "bottomLineNetIncome": 540000000,
    "eps": 0.11,
    "epsDiluted": 0.1,
    "weightedAverageShsOut": 5122000000,
    "weightedAverageShsOutDil": 5230000000
  },
  {
    "date": "2004-11-30",
    "symbol": "ORCL",
    "reportedCurrency": "USD",
    "cik": "0001341439",
    "filingDate": "2004-11-30",
    "acceptedDate": "2004-11-29 19:00:00",
    "fiscalYear": "2005",
    "period": "Q2",
    "revenue": 2756000000,
    "costOfRevenue": 590000000,
    "grossProfit": 2166000000,
    "researchAndDevelopmentExpenses": 327000000,
    "generalAndAdministrativeExpenses": 0,
    "sellingAndMarketingExpenses": 0,
    "sellingGeneralAndAdministrativeExpenses": 686000000,
    "otherExpenses": 7000000,
    "operatingExpenses": 1035000000,
    "costAndExpenses": 1625000000,
    "netInterestIncome": 0,
    "interestIncome": 0,
    "interestExpense": 0,
    "depreciationAndAmortization": 52000000,
    "ebitda": 1183000000,
    "ebit": 1131000000,
    "nonOperatingIncomeExcludingInterest": 0,
    "operatingIncome": 1131000000,
    "totalOtherIncomeExpensesNet": 23000000,
    "incomeBeforeTax": 1154000000,
    "incomeTaxExpense": 339000000,
    "netIncomeFromContinuingOperations": 815000000,
    "netIncomeFromDiscontinuedOperations": 0,
    "otherAdjustmentsToNetIncome": 0,
    "netIncome": 815000000,
    "netIncomeDeductions": 0,
    "bottomLineNetIncome": 815000000,
    "eps": 0.16,
    "epsDiluted": 0.16,
    "weightedAverageShsOut": 5123000000,
    "weightedAverageShsOutDil": 5218000000
  },
  {
    "date": "2004-08-31",
    "symbol": "ORCL",
    "reportedCurrency": "USD",
    "cik": "0001341439",
    "filingDate": "2004-08-31",
    "acceptedDate": "2004-08-30 20:00:00",
    "fiscalYear": "2005",
    "period": "Q1",
    "revenue": 2215000000,
    "costOfRevenue": 555000000,
    "grossProfit": 1660000000,
    "researchAndDevelopmentExpenses": 312000000,
    "generalAndAdministrativeExpenses": 0,
    "sellingAndMarketingExpenses": 0,
    "sellingGeneralAndAdministrativeExpenses": 582000000,
    "otherExpenses": 38000000,
    "operatingExpenses": 945000000,
    "costAndExpenses": 1500000000,
    "netInterestIncome": 0,
    "interestIncome": 0,
    "interestExpense": 0,
    "depreciationAndAmortization": 53000000,
    "ebitda": 797000000,
    "ebit": 744000000,
    "nonOperatingIncomeExcludingInterest": -29000000,
    "operatingIncome": 715000000,
    "totalOtherIncomeExpensesNet": 23000000,
    "incomeBeforeTax": 738000000,
    "incomeTaxExpense": 229000000,
    "netIncomeFromContinuingOperations": 509000000,
    "netIncomeFromDiscontinuedOperations": 0,
    "otherAdjustmentsToNetIncome": 0,
    "netIncome": 509000000,
    "netIncomeDeductions": 0,
    "bottomLineNetIncome": 509000000,
    "eps": 0.1,
    "epsDiluted": 0.1,
    "weightedAverageShsOut": 5154000000,
    "weightedAverageShsOutDil": 5241000000
  },
  {
    "date": "2004-05-31",
    "symbol": "ORCL",
    "reportedCurrency": "USD",
    "cik": "0001341439",
    "filingDate": "2004-05-31",
    "acceptedDate": "2004-05-30 20:00:00",
    "fiscalYear": "2004",
    "period": "Q4",
    "revenue": 3076000000,
    "costOfRevenue": 980000000,
    "grossProfit": 2096000000,
    "researchAndDevelopmentExpenses": 327000000,
    "generalAndAdministrativeExpenses": 0,
    "sellingAndMarketingExpenses": 0,
    "sellingGeneralAndAdministrativeExpenses": 362000000,
    "otherExpenses": 0,
    "operatingExpenses": 689000000,
    "costAndExpenses": 1669000000,
    "netInterestIncome": 0,
    "interestIncome": 0,
    "interestExpense": 0,
    "depreciationAndAmortization": 55000000,
    "ebitda": 1462000000,
    "ebit": 1407000000,
    "nonOperatingIncomeExcludingInterest": 0,
    "operatingIncome": 1407000000,
    "totalOtherIncomeExpensesNet": 12000000,
    "incomeBeforeTax": 1419000000,
    "incomeTaxExpense": 429000000,
    "netIncomeFromContinuingOperations": 990000000,
    "netIncomeFromDiscontinuedOperations": 0,
    "otherAdjustmentsToNetIncome": 0,
    "netIncome": 990000000,
    "netIncomeDeductions": 0,
    "bottomLineNetIncome": 990000000,
    "eps": 0.19,
    "epsDiluted": 0.19,
    "weightedAverageShsOut": 5185000000,
    "weightedAverageShsOutDil": 5218000000
  },
  {
    "date": "2004-02-29",
    "symbol": "ORCL",
    "reportedCurrency": "USD",
    "cik": "0001341439",
    "filingDate": "2004-02-29",
    "acceptedDate": "2004-02-28 19:00:00",
    "fiscalYear": "2004",
    "period": "Q3",
    "revenue": 2509000000,
    "costOfRevenue": 319000000,
    "grossProfit": 1927000000,
    "researchAndDevelopmentExpenses": 330000000,
    "generalAndAdministrativeExpenses": 0,
    "sellingAndMarketingExpenses": 0,
    "sellingGeneralAndAdministrativeExpenses": 655000000,
    "otherExpenses": 23000000,
    "operatingExpenses": 1000000000,
    "costAndExpenses": 1582000000,
    "netInterestIncome": 0,
    "interestIncome": 0,
    "interestExpense": 0,
    "depreciationAndAmortization": 58000000,
    "ebitda": 1000000000,
    "ebit": 942000000,
    "nonOperatingIncomeExcludingInterest": -15000000,
    "operatingIncome": 927000000,
    "totalOtherIncomeExpensesNet": 20000000,
    "incomeBeforeTax": 947000000,
    "incomeTaxExpense": 312000000,
    "netIncomeFromContinuingOperations": 635000000,
    "netIncomeFromDiscontinuedOperations": 0,
    "otherAdjustmentsToNetIncome": 0,
    "netIncome": 635000000,
    "netIncomeDeductions": 0,
    "bottomLineNetIncome": 635000000,
    "eps": 0.12,
    "epsDiluted": 0.12,
    "weightedAverageShsOut": 5218000000,
    "weightedAverageShsOutDil": 5337000000
  },
  {
    "date": "2003-11-30",
    "symbol": "ORCL",
    "reportedCurrency": "USD",
    "cik": "0001341439",
    "filingDate": "2003-11-30",
    "acceptedDate": "2003-11-29 19:00:00",
    "fiscalYear": "2004",
    "period": "Q2",
    "revenue": 2498000000,
    "costOfRevenue": 455000000,
    "grossProfit": 2043000000,
    "researchAndDevelopmentExpenses": 323000000,
    "generalAndAdministrativeExpenses": 0,
    "sellingAndMarketingExpenses": 0,
    "sellingGeneralAndAdministrativeExpenses": 805000000,
    "otherExpenses": 0,
    "operatingExpenses": 1128000000,
    "costAndExpenses": 1583000000,
    "netInterestIncome": 0,
    "interestIncome": 0,
    "interestExpense": 0,
    "depreciationAndAmortization": 60000000,
    "ebitda": 975000000,
    "ebit": 915000000,
    "nonOperatingIncomeExcludingInterest": 0,
    "operatingIncome": 915000000,
    "totalOtherIncomeExpensesNet": 1000000,
    "incomeBeforeTax": 916000000,
    "incomeTaxExpense": 299000000,
    "netIncomeFromContinuingOperations": 617000000,
    "netIncomeFromDiscontinuedOperations": 0,
    "otherAdjustmentsToNetIncome": 0,
    "netIncome": 617000000,
    "netIncomeDeductions": 0,
    "bottomLineNetIncome": 617000000,
    "eps": 0.12,
    "epsDiluted": 0.12,
    "weightedAverageShsOut": 5226000000,
    "weightedAverageShsOutDil": 5337000000
  },
  {
    "date": "2003-08-31",
    "symbol": "ORCL",
    "reportedCurrency": "USD",
    "cik": "0001341439",
    "filingDate": "2003-08-31",
    "acceptedDate": "2003-08-30 20:00:00",
    "fiscalYear": "2004",
    "period": "Q1",
    "revenue": 2072000000,
    "costOfRevenue": 563000000,
    "grossProfit": 1509000000,
    "researchAndDevelopmentExpenses": 298000000,
    "generalAndAdministrativeExpenses": 0,
    "sellingAndMarketingExpenses": 0,
    "sellingGeneralAndAdministrativeExpenses": 595000000,
    "otherExpenses": 0,
    "operatingExpenses": 893000000,
    "costAndExpenses": 1456000000,
    "netInterestIncome": 0,
    "interestIncome": 0,
    "interestExpense": 0,
    "depreciationAndAmortization": 61000000,
    "ebitda": 677000000,
    "ebit": 616000000,
    "nonOperatingIncomeExcludingInterest": 0,
    "operatingIncome": 616000000,
    "totalOtherIncomeExpensesNet": 48000000,
    "incomeBeforeTax": 664000000,
    "incomeTaxExpense": 224000000,
    "netIncomeFromContinuingOperations": 440000000,
    "netIncomeFromDiscontinuedOperations": 0,
    "otherAdjustmentsToNetIncome": 0,
    "netIncome": 440000000,
    "netIncomeDeductions": 0,
    "bottomLineNetIncome": 440000000,
    "eps": 0.08,
    "epsDiluted": 0.08,
    "weightedAverageShsOut": 5230000000,
    "weightedAverageShsOutDil": 5347000000
  },
  {
    "date": "2003-05-31",
    "symbol": "ORCL",
    "reportedCurrency": "USD",
    "cik": "0001341439",
    "filingDate": "2003-05-31",
    "acceptedDate": "2003-05-30 20:00:00",
    "fiscalYear": "2003",
    "period": "Q4",
    "revenue": 2832000000,
    "costOfRevenue": 580000000,
    "grossProfit": 2252000000,
    "researchAndDevelopmentExpenses": 298000000,
    "generalAndAdministrativeExpenses": 0,
    "sellingAndMarketingExpenses": 0,
    "sellingGeneralAndAdministrativeExpenses": 683000000,
    "otherExpenses": 0,
    "operatingExpenses": 981000000,
    "costAndExpenses": 1561000000,
    "netInterestIncome": 0,
    "interestIncome": 0,
    "interestExpense": 0,
    "depreciationAndAmortization": 69000000,
    "ebitda": 1340000000,
    "ebit": 1271000000,
    "nonOperatingIncomeExcludingInterest": 0,
    "operatingIncome": 1271000000,
    "totalOtherIncomeExpensesNet": 3000000,
    "incomeBeforeTax": 1274000000,
    "incomeTaxExpense": 416000000,
    "netIncomeFromContinuingOperations": 858000000,
    "netIncomeFromDiscontinuedOperations": 0,
    "otherAdjustmentsToNetIncome": 0,
    "netIncome": 858000000,
    "netIncomeDeductions": 0,
    "bottomLineNetIncome": 858000000,
    "eps": 0.16,
    "epsDiluted": 0.16,
    "weightedAverageShsOut": 5242000000,
    "weightedAverageShsOutDil": 5259000000
  },
  {
    "date": "2003-02-28",
    "symbol": "ORCL",
    "reportedCurrency": "USD",
    "cik": "0001341439",
    "filingDate": "2003-02-28",
    "acceptedDate": "2003-02-27 19:00:00",
    "fiscalYear": "2003",
    "period": "Q3",
    "revenue": 2307000000,
    "costOfRevenue": 574000000,
    "grossProfit": 1733000000,
    "researchAndDevelopmentExpenses": 301000000,
    "generalAndAdministrativeExpenses": 0,
    "sellingAndMarketingExpenses": 0,
    "sellingGeneralAndAdministrativeExpenses": 636000000,
    "otherExpenses": 0,
    "operatingExpenses": 937000000,
    "costAndExpenses": 1511000000,
    "netInterestIncome": 0,
    "interestIncome": 0,
    "interestExpense": 0,
    "depreciationAndAmortization": 92000000,
    "ebitda": 888000000,
    "ebit": 796000000,
    "nonOperatingIncomeExcludingInterest": 0,
    "operatingIncome": 796000000,
    "totalOtherIncomeExpensesNet": 33000000,
    "incomeBeforeTax": 829000000,
    "incomeTaxExpense": 258000000,
    "netIncomeFromContinuingOperations": 571000000,
    "netIncomeFromDiscontinuedOperations": 0,
    "otherAdjustmentsToNetIncome": 0,
    "netIncome": 571000000,
    "netIncomeDeductions": 0,
    "bottomLineNetIncome": 571000000,
    "eps": 0.11,
    "epsDiluted": 0.11,
    "weightedAverageShsOut": 5259000000,
    "weightedAverageShsOutDil": 5383000000
  },
  {
    "date": "2002-11-30",
    "symbol": "ORCL",
    "reportedCurrency": "USD",
    "cik": "0001341439",
    "filingDate": "2002-11-30",
    "acceptedDate": "2002-11-29 19:00:00",
    "fiscalYear": "2003",
    "period": "Q2",
    "revenue": 2309000000,
    "costOfRevenue": 599000000,
    "grossProfit": 1710000000,
    "researchAndDevelopmentExpenses": 295000000,
    "generalAndAdministrativeExpenses": 0,
    "sellingAndMarketingExpenses": 0,
    "sellingGeneralAndAdministrativeExpenses": 621000000,
    "otherExpenses": 0,
    "operatingExpenses": 916000000,
    "costAndExpenses": 1515000000,
    "netInterestIncome": 0,
    "interestIncome": 0,
    "interestExpense": 0,
    "depreciationAndAmortization": 82000000,
    "ebitda": 876000000,
    "ebit": 794000000,
    "nonOperatingIncomeExcludingInterest": 0,
    "operatingIncome": 794000000,
    "totalOtherIncomeExpensesNet": 6000000,
    "incomeBeforeTax": 800000000,
    "incomeTaxExpense": 265000000,
    "netIncomeFromContinuingOperations": 535000000,
    "netIncomeFromDiscontinuedOperations": 0,
    "otherAdjustmentsToNetIncome": 0,
    "netIncome": 535000000,
    "netIncomeDeductions": 0,
    "bottomLineNetIncome": 535000000,
    "eps": 0.1,
    "epsDiluted": 0.1,
    "weightedAverageShsOut": 5309000000,
    "weightedAverageShsOutDil": 5420000000
  },
  {
    "date": "2002-08-31",
    "symbol": "ORCL",
    "reportedCurrency": "USD",
    "cik": "0001341439",
    "filingDate": "2002-08-31",
    "acceptedDate": "2002-08-30 20:00:00",
    "fiscalYear": "2003",
    "period": "Q1",
    "revenue": 2028000000,
    "costOfRevenue": 589000000,
    "grossProfit": 1439000000,
    "researchAndDevelopmentExpenses": 286000000,
    "generalAndAdministrativeExpenses": 573000000,
    "sellingAndMarketingExpenses": 0,
    "sellingGeneralAndAdministrativeExpenses": 573000000,
    "otherExpenses": 0,
    "operatingExpenses": 859000000,
    "costAndExpenses": 1448000000,
    "netInterestIncome": 0,
    "interestIncome": 0,
    "interestExpense": 0,
    "depreciationAndAmortization": 84000000,
    "ebitda": 664000000,
    "ebit": 580000000,
    "nonOperatingIncomeExcludingInterest": 0,
    "operatingIncome": 580000000,
    "totalOtherIncomeExpensesNet": -58000000,
    "incomeBeforeTax": 522000000,
    "incomeTaxExpense": 179000000,
    "netIncomeFromContinuingOperations": 343000000,
    "netIncomeFromDiscontinuedOperations": 0,
    "otherAdjustmentsToNetIncome": 0,
    "netIncome": 343000000,
    "netIncomeDeductions": 0,
    "bottomLineNetIncome": 343000000,
    "eps": 0.06,
    "epsDiluted": 0.06,
    "weightedAverageShsOut": 5399000000,
    "weightedAverageShsOutDil": 5515000000
  },
  {
    "date": "2002-05-31",
    "symbol": "ORCL",
    "reportedCurrency": "USD",
    "cik": "0001341439",
    "filingDate": "2002-05-31",
    "acceptedDate": "2002-05-30 20:00:00",
    "fiscalYear": "2002",
    "period": "Q4",
    "revenue": 2844277000,
    "costOfRevenue": 638822000,
    "grossProfit": 2205455000,
    "researchAndDevelopmentExpenses": 281986000,
    "generalAndAdministrativeExpenses": 696930000,
    "sellingAndMarketingExpenses": 0,
    "sellingGeneralAndAdministrativeExpenses": 696930000,
    "otherExpenses": 0,
    "operatingExpenses": 978916000,
    "costAndExpenses": 1617738000,
    "netInterestIncome": 0,
    "interestIncome": 0,
    "interestExpense": 0,
    "depreciationAndAmortization": 129558000,
    "ebitda": 1356097000,
    "ebit": 1226539000,
    "nonOperatingIncomeExcludingInterest": 0,
    "operatingIncome": 1226539000,
    "totalOtherIncomeExpensesNet": -230976000,
    "incomeBeforeTax": 995563000,
    "incomeTaxExpense": 339647000,
    "netIncomeFromContinuingOperations": 655916000,
    "netIncomeFromDiscontinuedOperations": 0,
    "otherAdjustmentsToNetIncome": 0,
    "netIncome": 655916000,
    "netIncomeDeductions": 0,
    "bottomLineNetIncome": 655916000,
    "eps": 0.12,
    "epsDiluted": 0.12,
    "weightedAverageShsOut": 5471521000,
    "weightedAverageShsOutDil": 5492297000
  },
  {
    "date": "2002-02-28",
    "symbol": "ORCL",
    "reportedCurrency": "USD",
    "cik": "0001341439",
    "filingDate": "2002-02-28",
    "acceptedDate": "2002-02-27 19:00:00",
    "fiscalYear": "2002",
    "period": "Q3",
    "revenue": 2229343000,
    "costOfRevenue": 547467000,
    "grossProfit": 1681876000,
    "researchAndDevelopmentExpenses": 283231000,
    "generalAndAdministrativeExpenses": 619906000,
    "sellingAndMarketingExpenses": 0,
    "sellingGeneralAndAdministrativeExpenses": 619906000,
    "otherExpenses": 0,
    "operatingExpenses": 903137000,
    "costAndExpenses": 1450604000,
    "netInterestIncome": 0,
    "interestIncome": 0,
    "interestExpense": 0,
    "depreciationAndAmortization": 72548000,
    "ebitda": 852106000,
    "ebit": 779000000,
    "nonOperatingIncomeExcludingInterest": -261000,
    "operatingIncome": 778739000,
    "totalOtherIncomeExpensesNet": 2761000,
    "incomeBeforeTax": 781500000,
    "incomeTaxExpense": 273525000,
    "netIncomeFromContinuingOperations": 508000000,
    "netIncomeFromDiscontinuedOperations": 0,
    "otherAdjustmentsToNetIncome": 0,
    "netIncome": 507975000,
    "netIncomeDeductions": 0,
    "bottomLineNetIncome": 508000000,
    "eps": 0.09,
    "epsDiluted": 0.09,
    "weightedAverageShsOut": 5492297000,
    "weightedAverageShsOutDil": 5669334000
  },
  {
    "date": "2001-11-30",
    "symbol": "ORCL",
    "reportedCurrency": "USD",
    "cik": "0001341439",
    "filingDate": "2001-11-30",
    "acceptedDate": "2001-11-29 19:00:00",
    "fiscalYear": "2002",
    "period": "Q2",
    "revenue": 2357335000,
    "costOfRevenue": 609838000,
    "grossProfit": 1747497000,
    "researchAndDevelopmentExpenses": 257484000,
    "generalAndAdministrativeExpenses": 670069000,
    "sellingAndMarketingExpenses": 0,
    "sellingGeneralAndAdministrativeExpenses": 670069000,
    "otherExpenses": 0,
    "operatingExpenses": 927553000,
    "costAndExpenses": 1537391000,
    "netInterestIncome": 0,
    "interestIncome": 0,
    "interestExpense": 0,
    "depreciationAndAmortization": 79893000,
    "ebitda": 899838000,
    "ebit": 819944000,
    "nonOperatingIncomeExcludingInterest": 0,
    "operatingIncome": 819944000,
    "totalOtherIncomeExpensesNet": 25382000,
    "incomeBeforeTax": 845326000,
    "incomeTaxExpense": 295864000,
    "netIncomeFromContinuingOperations": 549462000,
    "netIncomeFromDiscontinuedOperations": 0,
    "otherAdjustmentsToNetIncome": 0,
    "netIncome": 549462000,
    "netIncomeDeductions": 0,
    "bottomLineNetIncome": 549462000,
    "eps": 0.1,
    "epsDiluted": 0.1,
    "weightedAverageShsOut": 5528372000,
    "weightedAverageShsOutDil": 5695860000
  },
  {
    "date": "2001-08-31",
    "symbol": "ORCL",
    "reportedCurrency": "USD",
    "cik": "0001341439",
    "filingDate": "2001-08-31",
    "acceptedDate": "2001-08-30 20:00:00",
    "fiscalYear": "2002",
    "period": "Q1",
    "revenue": 2242045000,
    "costOfRevenue": 609873000,
    "grossProfit": 1632172000,
    "researchAndDevelopmentExpenses": 253299000,
    "generalAndAdministrativeExpenses": 633095000,
    "sellingAndMarketingExpenses": 0,
    "sellingGeneralAndAdministrativeExpenses": 633095000,
    "otherExpenses": 0,
    "operatingExpenses": 886394000,
    "costAndExpenses": 1496267000,
    "netInterestIncome": 0,
    "interestIncome": 0,
    "interestExpense": 0,
    "depreciationAndAmortization": 81001000,
    "ebitda": 827000000,
    "ebit": 746000000,
    "nonOperatingIncomeExcludingInterest": -222000,
    "operatingIncome": 745778000,
    "totalOtherIncomeExpensesNet": 39833000,
    "incomeBeforeTax": 785611000,
    "incomeTaxExpense": 274964000,
    "netIncomeFromContinuingOperations": 511000000,
    "netIncomeFromDiscontinuedOperations": 0,
    "otherAdjustmentsToNetIncome": 8000000,
    "netIncome": 510647000,
    "netIncomeDeductions": 0,
    "bottomLineNetIncome": 511000000,
    "eps": 0.09,
    "epsDiluted": 0.09,
    "weightedAverageShsOut": 5579811000,
    "weightedAverageShsOutDil": 5780020000
  },
  {
    "date": "2001-05-31",
    "symbol": "ORCL",
    "reportedCurrency": "USD",
    "cik": "0001341439",
    "filingDate": "2001-05-31",
    "acceptedDate": "2001-05-30 20:00:00",
    "fiscalYear": "2001",
    "period": "Q4",
    "revenue": 3263884000,
    "costOfRevenue": 718550000,
    "grossProfit": 2545334000,
    "researchAndDevelopmentExpenses": 319829000,
    "generalAndAdministrativeExpenses": 930579000,
    "sellingAndMarketingExpenses": 0,
    "sellingGeneralAndAdministrativeExpenses": 930579000,
    "otherExpenses": 0,
    "operatingExpenses": 1250408000,
    "costAndExpenses": 1968958000,
    "netInterestIncome": 0,
    "interestIncome": 0,
    "interestExpense": 0,
    "depreciationAndAmortization": 87406000,
    "ebitda": 1382332000,
    "ebit": 1294926000,
    "nonOperatingIncomeExcludingInterest": 0,
    "operatingIncome": 1294926000,
    "totalOtherIncomeExpensesNet": 30749000,
    "incomeBeforeTax": 1325675000,
    "incomeTaxExpense": 470781000,
    "netIncomeFromContinuingOperations": 854894000,
    "netIncomeFromDiscontinuedOperations": 0,
    "otherAdjustmentsToNetIncome": 0,
    "netIncome": 854894000,
    "netIncomeDeductions": 0,
    "bottomLineNetIncome": 854894000,
    "eps": 0.15,
    "epsDiluted": 0.15,
    "weightedAverageShsOut": 5595808000,
    "weightedAverageShsOutDil": 5595808000
  },
  {
    "date": "2001-02-28",
    "symbol": "ORCL",
    "reportedCurrency": "USD",
    "cik": "0001341439",
    "filingDate": "2001-02-28",
    "acceptedDate": "2001-02-27 19:00:00",
    "fiscalYear": "2001",
    "period": "Q3",
    "revenue": 2674367000,
    "costOfRevenue": 708614000,
    "grossProfit": 1965753000,
    "researchAndDevelopmentExpenses": 301455000,
    "generalAndAdministrativeExpenses": 786175000,
    "sellingAndMarketingExpenses": 0,
    "sellingGeneralAndAdministrativeExpenses": 786175000,
    "otherExpenses": 0,
    "operatingExpenses": 1087630000,
    "costAndExpenses": 1796244000,
    "netInterestIncome": 0,
    "interestIncome": 0,
    "interestExpense": 0,
    "depreciationAndAmortization": 83447000,
    "ebitda": 961570000,
    "ebit": 878123000,
    "nonOperatingIncomeExcludingInterest": 0,
    "operatingIncome": 878123000,
    "totalOtherIncomeExpensesNet": 25308000,
    "incomeBeforeTax": 903431000,
    "incomeTaxExpense": 320718000,
    "netIncomeFromContinuingOperations": 582713000,
    "netIncomeFromDiscontinuedOperations": 0,
    "otherAdjustmentsToNetIncome": 0,
    "netIncome": 582713000,
    "netIncomeDeductions": 0,
    "bottomLineNetIncome": 582713000,
    "eps": 0.1,
    "epsDiluted": 0.1,
    "weightedAverageShsOut": 5595808000,
    "weightedAverageShsOutDil": 5851333000
  },
  {
    "date": "2000-11-30",
    "symbol": "ORCL",
    "reportedCurrency": "USD",
    "cik": "0001341439",
    "filingDate": "2000-11-30",
    "acceptedDate": "2000-11-29 19:00:00",
    "fiscalYear": "2001",
    "period": "Q2",
    "revenue": 2659546000,
    "costOfRevenue": 694998000,
    "grossProfit": 1964548000,
    "researchAndDevelopmentExpenses": 266280000,
    "generalAndAdministrativeExpenses": 752267000,
    "sellingAndMarketingExpenses": 0,
    "sellingGeneralAndAdministrativeExpenses": 752267000,
    "otherExpenses": 0,
    "operatingExpenses": 1018547000,
    "costAndExpenses": 1713545000,
    "netInterestIncome": 0,
    "interestIncome": 0,
    "interestExpense": 0,
    "depreciationAndAmortization": 83886000,
    "ebitda": 1029887000,
    "ebit": 946001000,
    "nonOperatingIncomeExcludingInterest": 0,
    "operatingIncome": 946001000,
    "totalOtherIncomeExpensesNet": 19880000,
    "incomeBeforeTax": 965881000,
    "incomeTaxExpense": 343069000,
    "netIncomeFromContinuingOperations": 622812000,
    "netIncomeFromDiscontinuedOperations": 0,
    "otherAdjustmentsToNetIncome": 0,
    "netIncome": 622812000,
    "netIncomeDeductions": 0,
    "bottomLineNetIncome": 622812000,
    "eps": 0.11,
    "epsDiluted": 0.11,
    "weightedAverageShsOut": 5584428000,
    "weightedAverageShsOutDil": 5874987000
  },
  {
    "date": "2000-08-31",
    "symbol": "ORCL",
    "reportedCurrency": "USD",
    "cik": "0001341439",
    "filingDate": "2000-08-31",
    "acceptedDate": "2000-08-30 20:00:00",
    "fiscalYear": "2001",
    "period": "Q1",
    "revenue": 2261875000,
    "costOfRevenue": 673878000,
    "grossProfit": 1587997000,
    "researchAndDevelopmentExpenses": 251027000,
    "generalAndAdministrativeExpenses": 678929000,
    "sellingAndMarketingExpenses": 0,
    "sellingGeneralAndAdministrativeExpenses": 678929000,
    "otherExpenses": 0,
    "operatingExpenses": 929956000,
    "costAndExpenses": 1603834000,
    "netInterestIncome": 0,
    "interestIncome": 0,
    "interestExpense": 0,
    "depreciationAndAmortization": 92157000,
    "ebitda": 750198000,
    "ebit": 658041000,
    "nonOperatingIncomeExcludingInterest": 0,
    "operatingIncome": 658041000,
    "totalOtherIncomeExpensesNet": 118202000,
    "incomeBeforeTax": 776243000,
    "incomeTaxExpense": 275566000,
    "netIncomeFromContinuingOperations": 500677000,
    "netIncomeFromDiscontinuedOperations": 0,
    "otherAdjustmentsToNetIncome": 0,
    "netIncome": 500677000,
    "netIncomeDeductions": 0,
    "bottomLineNetIncome": 500677000,
    "eps": 0.09,
    "epsDiluted": 0.08,
    "weightedAverageShsOut": 5604058000,
    "weightedAverageShsOutDil": 5932870000
  },
  {
    "date": "2000-05-31",
    "symbol": "ORCL",
    "reportedCurrency": "USD",
    "cik": "0001341439",
    "filingDate": "2000-05-31",
    "acceptedDate": "2000-05-30 20:00:00",
    "fiscalYear": "2000",
    "period": "Q4",
    "revenue": 3374310000,
    "costOfRevenue": 725498000,
    "grossProfit": 2648812000,
    "researchAndDevelopmentExpenses": 270229000,
    "generalAndAdministrativeExpenses": 990072000,
    "sellingAndMarketingExpenses": 0,
    "sellingGeneralAndAdministrativeExpenses": 990072000,
    "otherExpenses": 0,
    "operatingExpenses": 1260301000,
    "costAndExpenses": 1985799000,
    "netInterestIncome": 0,
    "interestIncome": 0,
    "interestExpense": 0,
    "depreciationAndAmortization": 97890000,
    "ebitda": 1486401000,
    "ebit": 1388511000,
    "nonOperatingIncomeExcludingInterest": 0,
    "operatingIncome": 1388511000,
    "totalOtherIncomeExpensesNet": 6569868000,
    "incomeBeforeTax": 7958379000,
    "incomeTaxExpense": 3045972000,
    "netIncomeFromContinuingOperations": 4912407000,
    "netIncomeFromDiscontinuedOperations": 0,
    "otherAdjustmentsToNetIncome": 0,
    "netIncome": 4912407000,
    "netIncomeDeductions": 0,
    "bottomLineNetIncome": 4912407000,
    "eps": 0.87,
    "epsDiluted": 0.87,
    "weightedAverageShsOut": 5637878000,
    "weightedAverageShsOutDil": 5637878000
  },
  {
    "date": "2000-02-29",
    "symbol": "ORCL",
    "reportedCurrency": "USD",
    "cik": "0001341439",
    "filingDate": "2000-02-29",
    "acceptedDate": "2000-02-28 19:00:00",
    "fiscalYear": "2000",
    "period": "Q3",
    "revenue": 2449418000,
    "costOfRevenue": 707261000,
    "grossProfit": 1742157000,
    "researchAndDevelopmentExpenses": 255552000,
    "generalAndAdministrativeExpenses": 716884000,
    "sellingAndMarketingExpenses": 0,
    "sellingGeneralAndAdministrativeExpenses": 716884000,
    "otherExpenses": 0,
    "operatingExpenses": 972436000,
    "costAndExpenses": 1679697000,
    "netInterestIncome": 0,
    "interestIncome": 0,
    "interestExpense": 0,
    "depreciationAndAmortization": 101492000,
    "ebitda": 871213000,
    "ebit": 769721000,
    "nonOperatingIncomeExcludingInterest": 0,
    "operatingIncome": 769721000,
    "totalOtherIncomeExpensesNet": 439609000,
    "incomeBeforeTax": 1209330000,
    "incomeTaxExpense": 446154000,
    "netIncomeFromContinuingOperations": 763176000,
    "netIncomeFromDiscontinuedOperations": 0,
    "otherAdjustmentsToNetIncome": 0,
    "netIncome": 763176000,
    "netIncomeDeductions": 0,
    "bottomLineNetIncome": 763176000,
    "eps": 0.14,
    "epsDiluted": 0.13,
    "weightedAverageShsOut": 5637878000,
    "weightedAverageShsOutDil": 5996378000
  },
  {
    "date": "1999-11-30",
    "symbol": "ORCL",
    "reportedCurrency": "USD",
    "cik": "0001341439",
    "filingDate": "1999-11-30",
    "acceptedDate": "1999-11-29 19:00:00",
    "fiscalYear": "2000",
    "period": "Q2",
    "revenue": 2321883000,
    "costOfRevenue": 753170000,
    "grossProfit": 1568713000,
    "researchAndDevelopmentExpenses": 248160000,
    "generalAndAdministrativeExpenses": 744488000,
    "sellingAndMarketingExpenses": 0,
    "sellingGeneralAndAdministrativeExpenses": 744488000,
    "otherExpenses": 0,
    "operatingExpenses": 992648000,
    "costAndExpenses": 1745818000,
    "netInterestIncome": 0,
    "interestIncome": 0,
    "interestExpense": 0,
    "depreciationAndAmortization": 96422000,
    "ebitda": 672487000,
    "ebit": 576065000,
    "nonOperatingIncomeExcludingInterest": 0,
    "operatingIncome": 576065000,
    "totalOtherIncomeExpensesNet": 15450000,
    "incomeBeforeTax": 591515000,
    "incomeTaxExpense": 207031000,
    "netIncomeFromContinuingOperations": 384484000,
    "netIncomeFromDiscontinuedOperations": 0,
    "otherAdjustmentsToNetIncome": 0,
    "netIncome": 384484000,
    "netIncomeDeductions": 0,
    "bottomLineNetIncome": 384484000,
    "eps": 0.07,
    "epsDiluted": 0.07,
    "weightedAverageShsOut": 5717780000,
    "weightedAverageShsOutDil": 6012600000
  },
  {
    "date": "1999-08-31",
    "symbol": "ORCL",
    "reportedCurrency": "USD",
    "cik": "0001341439",
    "filingDate": "1999-08-31",
    "acceptedDate": "1999-08-30 20:00:00",
    "fiscalYear": "2000",
    "period": "Q1",
    "revenue": 1984517000,
    "costOfRevenue": 756750000,
    "grossProfit": 1227767000,
    "researchAndDevelopmentExpenses": 235941000,
    "generalAndAdministrativeExpenses": 645963000,
    "sellingAndMarketingExpenses": 0,
    "sellingGeneralAndAdministrativeExpenses": 645963000,
    "otherExpenses": 0,
    "operatingExpenses": 881904000,
    "costAndExpenses": 1638654000,
    "netInterestIncome": 0,
    "interestIncome": 0,
    "interestExpense": 0,
    "depreciationAndAmortization": 95121000,
    "ebitda": 440984000,
    "ebit": 345863000,
    "nonOperatingIncomeExcludingInterest": 0,
    "operatingIncome": 345863000,
    "totalOtherIncomeExpensesNet": 18347000,
    "incomeBeforeTax": 364210000,
    "incomeTaxExpense": 127474000,
    "netIncomeFromContinuingOperations": 236736000,
    "netIncomeFromDiscontinuedOperations": 0,
    "otherAdjustmentsToNetIncome": 0,
    "netIncome": 236736000,
    "netIncomeDeductions": 0,
    "bottomLineNetIncome": 236736000,
    "eps": 0.05,
    "epsDiluted": 0.04,
    "weightedAverageShsOut": 5721840000,
    "weightedAverageShsOutDil": 5964804000
  },
  {
    "date": "1999-05-31",
    "symbol": "ORCL",
    "reportedCurrency": "USD",
    "cik": "0001341439",
    "filingDate": "1999-05-31",
    "acceptedDate": "1999-05-30 20:00:00",
    "fiscalYear": "1999",
    "period": "Q4",
    "revenue": 2943278000,
    "costOfRevenue": 812988000,
    "grossProfit": 2130290000,
    "researchAndDevelopmentExpenses": 243307000,
    "generalAndAdministrativeExpenses": 1080685000,
    "sellingAndMarketingExpenses": 0,
    "sellingGeneralAndAdministrativeExpenses": 1080685000,
    "otherExpenses": 0,
    "operatingExpenses": 1323992000,
    "costAndExpenses": 2136980000,
    "netInterestIncome": 0,
    "interestIncome": 0,
    "interestExpense": 0,
    "depreciationAndAmortization": 105746000,
    "ebitda": 912044000,
    "ebit": 806298000,
    "nonOperatingIncomeExcludingInterest": 0,
    "operatingIncome": 806298000,
    "totalOtherIncomeExpensesNet": 20722000,
    "incomeBeforeTax": 827020000,
    "incomeTaxExpense": 299600000,
    "netIncomeFromContinuingOperations": 527420000,
    "netIncomeFromDiscontinuedOperations": 0,
    "otherAdjustmentsToNetIncome": 0,
    "netIncome": 527420000,
    "netIncomeDeductions": 0,
    "bottomLineNetIncome": 527420000,
    "eps": 0.0915,
    "epsDiluted": 0.0915,
    "weightedAverageShsOut": 5747600000,
    "weightedAverageShsOutDil": 5761408000
  },
  {
    "date": "1999-02-28",
    "symbol": "ORCL",
    "reportedCurrency": "USD",
    "cik": "0001341439",
    "filingDate": "1999-02-28",
    "acceptedDate": "1999-02-27 19:00:00",
    "fiscalYear": "1999",
    "period": "Q3",
    "revenue": 2078919000,
    "costOfRevenue": 792023000,
    "grossProfit": 1286896000,
    "researchAndDevelopmentExpenses": 209798000,
    "generalAndAdministrativeExpenses": 670419000,
    "sellingAndMarketingExpenses": 0,
    "sellingGeneralAndAdministrativeExpenses": 670419000,
    "otherExpenses": 0,
    "operatingExpenses": 880217000,
    "costAndExpenses": 1672240000,
    "netInterestIncome": 0,
    "interestIncome": 0,
    "interestExpense": 0,
    "depreciationAndAmortization": 99374000,
    "ebitda": 506053000,
    "ebit": 406679000,
    "nonOperatingIncomeExcludingInterest": 0,
    "operatingIncome": 406679000,
    "totalOtherIncomeExpensesNet": 37656000,
    "incomeBeforeTax": 444335000,
    "incomeTaxExpense": 151074000,
    "netIncomeFromContinuingOperations": 293261000,
    "netIncomeFromDiscontinuedOperations": 0,
    "otherAdjustmentsToNetIncome": 0,
    "netIncome": 293261000,
    "netIncomeDeductions": 0,
    "bottomLineNetIncome": 293261000,
    "eps": 0.0515,
    "epsDiluted": 0.05,
    "weightedAverageShsOut": 5761408000,
    "weightedAverageShsOutDil": 5981844000
  },
  {
    "date": "1998-11-30",
    "symbol": "ORCL",
    "reportedCurrency": "USD",
    "cik": "0001341439",
    "filingDate": "1998-11-30",
    "acceptedDate": "1998-11-29 19:00:00",
    "fiscalYear": "1999",
    "period": "Q2",
    "revenue": 2055944000,
    "costOfRevenue": 779847000,
    "grossProfit": 1276097000,
    "researchAndDevelopmentExpenses": 200678000,
    "generalAndAdministrativeExpenses": 693352000,
    "sellingAndMarketingExpenses": 0,
    "sellingGeneralAndAdministrativeExpenses": 693352000,
    "otherExpenses": 0,
    "operatingExpenses": 894030000,
    "costAndExpenses": 1673877000,
    "netInterestIncome": 0,
    "interestIncome": 0,
    "interestExpense": 0,
    "depreciationAndAmortization": 88858000,
    "ebitda": 470925000,
    "ebit": 382067000,
    "nonOperatingIncomeExcludingInterest": 0,
    "operatingIncome": 382067000,
    "totalOtherIncomeExpensesNet": 28654000,
    "incomeBeforeTax": 410721000,
    "incomeTaxExpense": 136645000,
    "netIncomeFromContinuingOperations": 274076000,
    "netIncomeFromDiscontinuedOperations": 0,
    "otherAdjustmentsToNetIncome": 0,
    "netIncome": 274076000,
    "netIncomeDeductions": 0,
    "bottomLineNetIncome": 274076000,
    "eps": 0.0485,
    "epsDiluted": 0.05,
    "weightedAverageShsOut": 5783040000,
    "weightedAverageShsOutDil": 5899620000
  },
  {
    "date": "1998-08-31",
    "symbol": "ORCL",
    "reportedCurrency": "USD",
    "cik": "0001341439",
    "filingDate": "1998-08-31",
    "acceptedDate": "1998-08-30 20:00:00",
    "fiscalYear": "1999",
    "period": "Q1",
    "revenue": 1749110000,
    "costOfRevenue": 679290000,
    "grossProfit": 1069820000,
    "researchAndDevelopmentExpenses": 187623000,
    "generalAndAdministrativeExpenses": 604360000,
    "sellingAndMarketingExpenses": 0,
    "sellingGeneralAndAdministrativeExpenses": 604360000,
    "otherExpenses": 0,
    "operatingExpenses": 791983000,
    "costAndExpenses": 1471273000,
    "netInterestIncome": 0,
    "interestIncome": 0,
    "interestExpense": 0,
    "depreciationAndAmortization": 81406000,
    "ebitda": 359243000,
    "ebit": 277837000,
    "nonOperatingIncomeExcludingInterest": 0,
    "operatingIncome": 277837000,
    "totalOtherIncomeExpensesNet": 22166000,
    "incomeBeforeTax": 300003000,
    "incomeTaxExpense": 105001000,
    "netIncomeFromContinuingOperations": 195002000,
    "netIncomeFromDiscontinuedOperations": 0,
    "otherAdjustmentsToNetIncome": 0,
    "netIncome": 195002000,
    "netIncomeDeductions": 0,
    "bottomLineNetIncome": 195002000,
    "eps": 0.0385,
    "epsDiluted": 0.0285,
    "weightedAverageShsOut": 5722906000,
    "weightedAverageShsOutDil": 5818524000
  },
  {
    "date": "1998-05-31",
    "symbol": "ORCL",
    "reportedCurrency": "USD",
    "cik": "0001341439",
    "filingDate": "1998-05-31",
    "acceptedDate": "1998-05-30 20:00:00",
    "fiscalYear": "1998",
    "period": "Q4",
    "revenue": 2412553000,
    "costOfRevenue": 670411000,
    "grossProfit": 1742142000,
    "researchAndDevelopmentExpenses": 192153000,
    "generalAndAdministrativeExpenses": 945044000,
    "sellingAndMarketingExpenses": 0,
    "sellingGeneralAndAdministrativeExpenses": 945044000,
    "otherExpenses": 0,
    "operatingExpenses": 1137197000,
    "costAndExpenses": 1807608000,
    "netInterestIncome": 0,
    "interestIncome": 0,
    "interestExpense": 0,
    "depreciationAndAmortization": 87928000,
    "ebitda": 692873000,
    "ebit": 604945000,
    "nonOperatingIncomeExcludingInterest": 0,
    "operatingIncome": 604945000,
    "totalOtherIncomeExpensesNet": 14782000,
    "incomeBeforeTax": 619727000,
    "incomeTaxExpense": 216904000,
    "netIncomeFromContinuingOperations": 402823000,
    "netIncomeFromDiscontinuedOperations": 0,
    "otherAdjustmentsToNetIncome": 0,
    "netIncome": 402823000,
    "netIncomeDeductions": 0,
    "bottomLineNetIncome": 402823000,
    "eps": 0.0702,
    "epsDiluted": 0.0702,
    "weightedAverageShsOut": 5734982000,
    "weightedAverageShsOutDil": 5734982000
  },
  {
    "date": "1998-02-28",
    "symbol": "ORCL",
    "reportedCurrency": "USD",
    "cik": "0001341439",
    "filingDate": "1998-02-28",
    "acceptedDate": "1998-02-27 19:00:00",
    "fiscalYear": "1998",
    "period": "Q3",
    "revenue": 1748757000,
    "costOfRevenue": 586398000,
    "grossProfit": 1162359000,
    "researchAndDevelopmentExpenses": 184106000,
    "generalAndAdministrativeExpenses": 659980000,
    "sellingAndMarketingExpenses": 0,
    "sellingGeneralAndAdministrativeExpenses": 659980000,
    "otherExpenses": 0,
    "operatingExpenses": 844086000,
    "costAndExpenses": 1430484000,
    "netInterestIncome": 0,
    "interestIncome": 0,
    "interestExpense": 0,
    "depreciationAndAmortization": 84941000,
    "ebitda": 403214000,
    "ebit": 318273000,
    "nonOperatingIncomeExcludingInterest": 0,
    "operatingIncome": 318273000,
    "totalOtherIncomeExpensesNet": 12615000,
    "incomeBeforeTax": 330888000,
    "incomeTaxExpense": 115811000,
    "netIncomeFromContinuingOperations": 215077000,
    "netIncomeFromDiscontinuedOperations": 0,
    "otherAdjustmentsToNetIncome": 0,
    "netIncome": 215077000,
    "netIncomeDeductions": 0,
    "bottomLineNetIncome": 215077000,
    "eps": 0.04,
    "epsDiluted": 0.04,
    "weightedAverageShsOut": 5849684000,
    "weightedAverageShsOutDil": 5949848000
  },
  {
    "date": "1997-11-30",
    "symbol": "ORCL",
    "reportedCurrency": "USD",
    "cik": "0001341439",
    "filingDate": "1997-11-30",
    "acceptedDate": "1997-11-29 19:00:00",
    "fiscalYear": "1998",
    "period": "Q2",
    "revenue": 1613727000,
    "costOfRevenue": 548631000,
    "grossProfit": 1065096000,
    "researchAndDevelopmentExpenses": 183217000,
    "generalAndAdministrativeExpenses": 609873000,
    "sellingAndMarketingExpenses": 0,
    "sellingGeneralAndAdministrativeExpenses": 609873000,
    "otherExpenses": 0,
    "operatingExpenses": 793090000,
    "costAndExpenses": 1341721000,
    "netInterestIncome": 0,
    "interestIncome": 0,
    "interestExpense": 0,
    "depreciationAndAmortization": 84557000,
    "ebitda": 356563000,
    "ebit": 272006000,
    "nonOperatingIncomeExcludingInterest": 0,
    "operatingIncome": 272006000,
    "totalOtherIncomeExpensesNet": 16248000,
    "incomeBeforeTax": 288254000,
    "incomeTaxExpense": 100930000,
    "netIncomeFromContinuingOperations": 187324000,
    "netIncomeFromDiscontinuedOperations": 0,
    "otherAdjustmentsToNetIncome": 0,
    "netIncome": 187324000,
    "netIncomeDeductions": 0,
    "bottomLineNetIncome": 187324000,
    "eps": 0.0281,
    "epsDiluted": 0.0281,
    "weightedAverageShsOut": 5779359000,
    "weightedAverageShsOutDil": 5932694000
  },
  {
    "date": "1997-08-31",
    "symbol": "ORCL",
    "reportedCurrency": "USD",
    "cik": "0001341439",
    "filingDate": "1997-08-31",
    "acceptedDate": "1997-08-30 20:00:00",
    "fiscalYear": "1998",
    "period": "Q1",
    "revenue": 1368829000,
    "costOfRevenue": 468167000,
    "grossProfit": 900662000,
    "researchAndDevelopmentExpenses": 159700000,
    "generalAndAdministrativeExpenses": 524965000,
    "sellingAndMarketingExpenses": 0,
    "sellingGeneralAndAdministrativeExpenses": 524965000,
    "otherExpenses": 167054000,
    "operatingExpenses": 684632000,
    "costAndExpenses": 1152799000,
    "netInterestIncome": 0,
    "interestIncome": 0,
    "interestExpense": 0,
    "depreciationAndAmortization": 71137000,
    "ebitda": 287167000,
    "ebit": 216030000,
    "nonOperatingIncomeExcludingInterest": -167054000,
    "operatingIncome": 48976000,
    "totalOtherIncomeExpensesNet": 39974000,
    "incomeBeforeTax": 88950000,
    "incomeTaxExpense": 80479000,
    "netIncomeFromContinuingOperations": 8471000,
    "netIncomeFromDiscontinuedOperations": 0,
    "otherAdjustmentsToNetIncome": 0,
    "netIncome": 8471000,
    "netIncomeDeductions": 0,
    "bottomLineNetIncome": 8471000,
    "eps": 0.0017,
    "epsDiluted": 0.0017,
    "weightedAverageShsOut": 5760500000,
    "weightedAverageShsOutDil": 5919212000
  },
  {
    "date": "1997-05-31",
    "symbol": "ORCL",
    "reportedCurrency": "USD",
    "cik": "0001341439",
    "filingDate": "1997-05-31",
    "acceptedDate": "1997-05-30 20:00:00",
    "fiscalYear": "1997",
    "period": "Q4",
    "revenue": 1948031000,
    "costOfRevenue": 435435000,
    "grossProfit": 1512596000,
    "researchAndDevelopmentExpenses": 164440000,
    "generalAndAdministrativeExpenses": 788361000,
    "sellingAndMarketingExpenses": 0,
    "sellingGeneralAndAdministrativeExpenses": 788361000,
    "otherExpenses": 0,
    "operatingExpenses": 952801000,
    "costAndExpenses": 1388236000,
    "netInterestIncome": 0,
    "interestIncome": 0,
    "interestExpense": 0,
    "depreciationAndAmortization": 72346000,
    "ebitda": 632141000,
    "ebit": 559795000,
    "nonOperatingIncomeExcludingInterest": 0,
    "operatingIncome": 559795000,
    "totalOtherIncomeExpensesNet": 2607000,
    "incomeBeforeTax": 562402000,
    "incomeTaxExpense": 202465000,
    "netIncomeFromContinuingOperations": 359937000,
    "netIncomeFromDiscontinuedOperations": 0,
    "otherAdjustmentsToNetIncome": 0,
    "netIncome": 359937000,
    "netIncomeDeductions": 0,
    "bottomLineNetIncome": 359937000,
    "eps": 0.0588,
    "epsDiluted": 0.0588,
    "weightedAverageShsOut": 6119873000,
    "weightedAverageShsOutDil": 6119873000
  },
  {
    "date": "1997-02-28",
    "symbol": "ORCL",
    "reportedCurrency": "USD",
    "cik": "0001341439",
    "filingDate": "1997-02-28",
    "acceptedDate": "1997-02-27 19:00:00",
    "fiscalYear": "1997",
    "period": "Q3",
    "revenue": 1372612000,
    "costOfRevenue": 401441000,
    "grossProfit": 971171000,
    "researchAndDevelopmentExpenses": 138527000,
    "generalAndAdministrativeExpenses": 535717000,
    "sellingAndMarketingExpenses": 0,
    "sellingGeneralAndAdministrativeExpenses": 535717000,
    "otherExpenses": 36800000,
    "operatingExpenses": 674244000,
    "costAndExpenses": 1075685000,
    "netInterestIncome": 0,
    "interestIncome": 0,
    "interestExpense": 0,
    "depreciationAndAmortization": 65747000,
    "ebitda": 362674000,
    "ebit": 296927000,
    "nonOperatingIncomeExcludingInterest": -36800000,
    "operatingIncome": 260127000,
    "totalOtherIncomeExpensesNet": 4330000,
    "incomeBeforeTax": 264457000,
    "incomeTaxExpense": 95204000,
    "netIncomeFromContinuingOperations": 169253000,
    "netIncomeFromDiscontinuedOperations": 0,
    "otherAdjustmentsToNetIncome": 0,
    "netIncome": 169253000,
    "netIncomeDeductions": 0,
    "bottomLineNetIncome": 169253000,
    "eps": 0.03,
    "epsDiluted": 0.03,
    "weightedAverageShsOut": 5795029000,
    "weightedAverageShsOutDil": 5939876000
  },
  {
    "date": "1996-11-30",
    "symbol": "ORCL",
    "reportedCurrency": "USD",
    "cik": "0001341439",
    "filingDate": "1996-11-30",
    "acceptedDate": "1996-11-29 19:00:00",
    "fiscalYear": "1997",
    "period": "Q2",
    "revenue": 1311373000,
    "costOfRevenue": 377483000,
    "grossProfit": 933890000,
    "researchAndDevelopmentExpenses": 135300000,
    "generalAndAdministrativeExpenses": 524402000,
    "sellingAndMarketingExpenses": 0,
    "sellingGeneralAndAdministrativeExpenses": 524402000,
    "otherExpenses": 0,
    "operatingExpenses": 659702000,
    "costAndExpenses": 1037185000,
    "netInterestIncome": 0,
    "interestIncome": 0,
    "interestExpense": 0,
    "depreciationAndAmortization": 63915000,
    "ebitda": 338103000,
    "ebit": 274188000,
    "nonOperatingIncomeExcludingInterest": 0,
    "operatingIncome": 274188000,
    "totalOtherIncomeExpensesNet": 6275000,
    "incomeBeforeTax": 280463000,
    "incomeTaxExpense": 100967000,
    "netIncomeFromContinuingOperations": 179496000,
    "netIncomeFromDiscontinuedOperations": 0,
    "otherAdjustmentsToNetIncome": 0,
    "netIncome": 179496000,
    "netIncomeDeductions": 0,
    "bottomLineNetIncome": 179496000,
    "eps": 0.03,
    "epsDiluted": 0.03,
    "weightedAverageShsOut": 5964259000,
    "weightedAverageShsOutDil": 5964259000
  },
  {
    "date": "1996-08-31",
    "symbol": "ORCL",
    "reportedCurrency": "USD",
    "cik": "0001341439",
    "filingDate": "1996-08-31",
    "acceptedDate": "1996-08-30 20:00:00",
    "fiscalYear": "1997",
    "period": "Q1",
    "revenue": 1052300000,
    "costOfRevenue": 336107000,
    "grossProfit": 716193000,
    "researchAndDevelopmentExpenses": 117200000,
    "generalAndAdministrativeExpenses": 430129000,
    "sellingAndMarketingExpenses": 0,
    "sellingGeneralAndAdministrativeExpenses": 430129000,
    "otherExpenses": -11000,
    "operatingExpenses": 547318000,
    "costAndExpenses": 883425000,
    "netInterestIncome": 0,
    "interestIncome": 0,
    "interestExpense": 0,
    "depreciationAndAmortization": 62765000,
    "ebitda": 231640000,
    "ebit": 168875000,
    "nonOperatingIncomeExcludingInterest": 0,
    "operatingIncome": 168875000,
    "totalOtherIncomeExpensesNet": 7330000,
    "incomeBeforeTax": 176205000,
    "incomeTaxExpense": 63434000,
    "netIncomeFromContinuingOperations": 112771000,
    "netIncomeFromDiscontinuedOperations": 0,
    "otherAdjustmentsToNetIncome": 0,
    "netIncome": 112771000,
    "netIncomeDeductions": 0,
    "bottomLineNetIncome": 112771000,
    "eps": 0.02,
    "epsDiluted": 0.02,
    "weightedAverageShsOut": 5945382000,
    "weightedAverageShsOutDil": 5945382000
  },
  {
    "date": "1996-05-31",
    "symbol": "ORCL",
    "reportedCurrency": "USD",
    "cik": "0001341439",
    "filingDate": "1996-05-31",
    "acceptedDate": "1996-05-30 20:00:00",
    "fiscalYear": "1996",
    "period": "Q4",
    "revenue": 1464074000,
    "costOfRevenue": 322239000,
    "grossProfit": 1141835000,
    "researchAndDevelopmentExpenses": 118575000,
    "generalAndAdministrativeExpenses": 617114000,
    "sellingAndMarketingExpenses": 0,
    "sellingGeneralAndAdministrativeExpenses": 617114000,
    "otherExpenses": 0,
    "operatingExpenses": 735689000,
    "costAndExpenses": 1057928000,
    "netInterestIncome": 0,
    "interestIncome": 0,
    "interestExpense": 0,
    "depreciationAndAmortization": 59779000,
    "ebitda": 465925000,
    "ebit": 406146000,
    "nonOperatingIncomeExcludingInterest": 0,
    "operatingIncome": 406146000,
    "totalOtherIncomeExpensesNet": 2828000,
    "incomeBeforeTax": 408974000,
    "incomeTaxExpense": 142649000,
    "netIncomeFromContinuingOperations": 266325000,
    "netIncomeFromDiscontinuedOperations": 0,
    "otherAdjustmentsToNetIncome": 0,
    "netIncome": 266325000,
    "netIncomeDeductions": 0,
    "bottomLineNetIncome": 266325000,
    "eps": 0.0417,
    "epsDiluted": 0.0417,
    "weightedAverageShsOut": 6385514000,
    "weightedAverageShsOutDil": 6385514000
  },
  {
    "date": "1996-02-29",
    "symbol": "ORCL",
    "reportedCurrency": "USD",
    "cik": "0001341439",
    "filingDate": "1996-02-29",
    "acceptedDate": "1996-02-28 19:00:00",
    "fiscalYear": "1996",
    "period": "Q3",
    "revenue": 1020239000,
    "costOfRevenue": 286843000,
    "grossProfit": 733396000,
    "researchAndDevelopmentExpenses": 92805000,
    "generalAndAdministrativeExpenses": 420649000,
    "sellingAndMarketingExpenses": 0,
    "sellingGeneralAndAdministrativeExpenses": 420649000,
    "otherExpenses": 0,
    "operatingExpenses": 513454000,
    "costAndExpenses": 800297000,
    "netInterestIncome": 0,
    "interestIncome": 0,
    "interestExpense": 0,
    "depreciationAndAmortization": 54868000,
    "ebitda": 274810000,
    "ebit": 219942000,
    "nonOperatingIncomeExcludingInterest": 0,
    "operatingIncome": 219942000,
    "totalOtherIncomeExpensesNet": 1709000,
    "incomeBeforeTax": 221651000,
    "incomeTaxExpense": 75361000,
    "netIncomeFromContinuingOperations": 146290000,
    "netIncomeFromDiscontinuedOperations": 0,
    "otherAdjustmentsToNetIncome": 0,
    "netIncome": 146290000,
    "netIncomeDeductions": 0,
    "bottomLineNetIncome": 146290000,
    "eps": 0.0283,
    "epsDiluted": 0.0183,
    "weightedAverageShsOut": 6095264000,
    "weightedAverageShsOutDil": 6095264000
  },
  {
    "date": "1995-11-30",
    "symbol": "ORCL",
    "reportedCurrency": "USD",
    "cik": "0001341439",
    "filingDate": "1995-11-30",
    "acceptedDate": "1995-11-29 19:00:00",
    "fiscalYear": "1996",
    "period": "Q2",
    "revenue": 967184000,
    "costOfRevenue": 255422000,
    "grossProfit": 711762000,
    "researchAndDevelopmentExpenses": 93272000,
    "generalAndAdministrativeExpenses": 413878000,
    "sellingAndMarketingExpenses": 0,
    "sellingGeneralAndAdministrativeExpenses": 413878000,
    "otherExpenses": 0,
    "operatingExpenses": 507150000,
    "costAndExpenses": 762572000,
    "netInterestIncome": 0,
    "interestIncome": 0,
    "interestExpense": 0,
    "depreciationAndAmortization": 54508000,
    "ebitda": 259120000,
    "ebit": 204612000,
    "nonOperatingIncomeExcludingInterest": 0,
    "operatingIncome": 204612000,
    "totalOtherIncomeExpensesNet": 2814000,
    "incomeBeforeTax": 207426000,
    "incomeTaxExpense": 70525000,
    "netIncomeFromContinuingOperations": 136901000,
    "netIncomeFromDiscontinuedOperations": 0,
    "otherAdjustmentsToNetIncome": 0,
    "netIncome": 136901000,
    "netIncomeDeductions": 0,
    "bottomLineNetIncome": 136901000,
    "eps": 0.0283,
    "epsDiluted": 0.0183,
    "weightedAverageShsOut": 6097364000,
    "weightedAverageShsOutDil": 6097364000
  },
  {
    "date": "1995-08-31",
    "symbol": "ORCL",
    "reportedCurrency": "USD",
    "cik": "0001341439",
    "filingDate": "1995-08-31",
    "acceptedDate": "1995-08-30 20:00:00",
    "fiscalYear": "1996",
    "period": "Q1",
    "revenue": 771803000,
    "costOfRevenue": 231509000,
    "grossProfit": 540294000,
    "researchAndDevelopmentExpenses": 84441000,
    "generalAndAdministrativeExpenses": 330731000,
    "sellingAndMarketingExpenses": 0,
    "sellingGeneralAndAdministrativeExpenses": 330731000,
    "otherExpenses": 50931000,
    "operatingExpenses": 415172000,
    "costAndExpenses": 646681000,
    "netInterestIncome": 0,
    "interestIncome": 0,
    "interestExpense": 0,
    "depreciationAndAmortization": 50339000,
    "ebitda": 175461000,
    "ebit": 125122000,
    "nonOperatingIncomeExcludingInterest": -50931000,
    "operatingIncome": 74191000,
    "totalOtherIncomeExpensesNet": 7268000,
    "incomeBeforeTax": 81459000,
    "incomeTaxExpense": 27696000,
    "netIncomeFromContinuingOperations": 53763000,
    "netIncomeFromDiscontinuedOperations": 0,
    "otherAdjustmentsToNetIncome": 0,
    "netIncome": 53763000,
    "netIncomeDeductions": 0,
    "bottomLineNetIncome": 53763000,
    "eps": 0.0083,
    "epsDiluted": 0.01,
    "weightedAverageShsOut": 6378814000,
    "weightedAverageShsOutDil": 6378814000
  },
  {
    "date": "1995-05-31",
    "symbol": "ORCL",
    "reportedCurrency": "USD",
    "cik": "0001341439",
    "filingDate": "1995-05-31",
    "acceptedDate": "1995-05-30 20:00:00",
    "fiscalYear": "1995",
    "period": "Q4",
    "revenue": 1017900000,
    "costOfRevenue": 192700000,
    "grossProfit": 825200000,
    "researchAndDevelopmentExpenses": 80900000,
    "generalAndAdministrativeExpenses": 429400000,
    "sellingAndMarketingExpenses": 0,
    "sellingGeneralAndAdministrativeExpenses": 429400000,
    "otherExpenses": 45500000,
    "operatingExpenses": 555800000,
    "costAndExpenses": 748500000,
    "netInterestIncome": 0,
    "interestIncome": 0,
    "interestExpense": 0,
    "depreciationAndAmortization": 45500000,
    "ebitda": 314900000,
    "ebit": 269400000,
    "nonOperatingIncomeExcludingInterest": 0,
    "operatingIncome": 269400000,
    "totalOtherIncomeExpensesNet": 1800000,
    "incomeBeforeTax": 271200000,
    "incomeTaxExpense": 89500000,
    "netIncomeFromContinuingOperations": 181700000,
    "netIncomeFromDiscontinuedOperations": 0,
    "otherAdjustmentsToNetIncome": 0,
    "netIncome": 181700000,
    "netIncomeDeductions": 0,
    "bottomLineNetIncome": 181700000,
    "eps": 0.0347,
    "epsDiluted": 0.0347,
    "weightedAverageShsOut": 5200541000,
    "weightedAverageShsOutDil": 5240000000
  },
  {
    "date": "1995-02-28",
    "symbol": "ORCL",
    "reportedCurrency": "USD",
    "cik": "0001341439",
    "filingDate": "1995-02-28",
    "acceptedDate": "1995-02-27 19:00:00",
    "fiscalYear": "1995",
    "period": "Q3",
    "revenue": 722200000,
    "costOfRevenue": 159500000,
    "grossProfit": 562700000,
    "researchAndDevelopmentExpenses": 67400000,
    "generalAndAdministrativeExpenses": 303300000,
    "sellingAndMarketingExpenses": 0,
    "sellingGeneralAndAdministrativeExpenses": 303300000,
    "otherExpenses": 37200000,
    "operatingExpenses": 407900000,
    "costAndExpenses": 567400000,
    "netInterestIncome": 0,
    "interestIncome": 0,
    "interestExpense": 0,
    "depreciationAndAmortization": 37200000,
    "ebitda": 192000000,
    "ebit": 154800000,
    "nonOperatingIncomeExcludingInterest": 0,
    "operatingIncome": 154800000,
    "totalOtherIncomeExpensesNet": 1600000,
    "incomeBeforeTax": 156400000,
    "incomeTaxExpense": 51600000,
    "netIncomeFromContinuingOperations": 104800000,
    "netIncomeFromDiscontinuedOperations": 0,
    "otherAdjustmentsToNetIncome": 0,
    "netIncome": 104800000,
    "netIncomeDeductions": 0,
    "bottomLineNetIncome": 104800000,
    "eps": 0.0153,
    "epsDiluted": 0.0153,
    "weightedAverageShsOut": 6328929000,
    "weightedAverageShsOutDil": 6328929000
  },
  {
    "date": "1994-11-30",
    "symbol": "ORCL",
    "reportedCurrency": "USD",
    "cik": "0001341439",
    "filingDate": "1994-11-30",
    "acceptedDate": "1994-11-29 19:00:00",
    "fiscalYear": "1995",
    "period": "Q2",
    "revenue": 670300000,
    "costOfRevenue": 153100000,
    "grossProfit": 517200000,
    "researchAndDevelopmentExpenses": 57200000,
    "generalAndAdministrativeExpenses": 287600000,
    "sellingAndMarketingExpenses": 0,
    "sellingGeneralAndAdministrativeExpenses": 287600000,
    "otherExpenses": 34500000,
    "operatingExpenses": 379300000,
    "costAndExpenses": 532400000,
    "netInterestIncome": 0,
    "interestIncome": 0,
    "interestExpense": 0,
    "depreciationAndAmortization": 34500000,
    "ebitda": 172400000,
    "ebit": 137900000,
    "nonOperatingIncomeExcludingInterest": 0,
    "operatingIncome": 137900000,
    "totalOtherIncomeExpensesNet": 2200000,
    "incomeBeforeTax": 140100000,
    "incomeTaxExpense": 46200000,
    "netIncomeFromContinuingOperations": 93900000,
    "netIncomeFromDiscontinuedOperations": 0,
    "otherAdjustmentsToNetIncome": 0,
    "netIncome": 93900000,
    "netIncomeDeductions": 0,
    "bottomLineNetIncome": 93900000,
    "eps": 0.0153,
    "epsDiluted": 0.0153,
    "weightedAverageShsOut": 6334757000,
    "weightedAverageShsOutDil": 6334757000
  },
  {
    "date": "1994-08-31",
    "symbol": "ORCL",
    "reportedCurrency": "USD",
    "cik": "0001341439",
    "filingDate": "1994-08-31",
    "acceptedDate": "1994-08-30 20:00:00",
    "fiscalYear": "1995",
    "period": "Q1",
    "revenue": 556500000,
    "costOfRevenue": 125900000,
    "grossProfit": 430600000,
    "researchAndDevelopmentExpenses": 55200000,
    "generalAndAdministrativeExpenses": 257300000,
    "sellingAndMarketingExpenses": 0,
    "sellingGeneralAndAdministrativeExpenses": 257300000,
    "otherExpenses": 30600000,
    "operatingExpenses": 343100000,
    "costAndExpenses": 469000000,
    "netInterestIncome": 0,
    "interestIncome": 0,
    "interestExpense": 0,
    "depreciationAndAmortization": 30600000,
    "ebitda": 118100000,
    "ebit": 87500000,
    "nonOperatingIncomeExcludingInterest": 0,
    "operatingIncome": 87500000,
    "totalOtherIncomeExpensesNet": 3800000,
    "incomeBeforeTax": 91300000,
    "incomeTaxExpense": 30100000,
    "netIncomeFromContinuingOperations": 61200000,
    "netIncomeFromDiscontinuedOperations": 0,
    "otherAdjustmentsToNetIncome": 0,
    "netIncome": 61200000,
    "netIncomeDeductions": 0,
    "bottomLineNetIncome": 61200000,
    "eps": 0.01,
    "epsDiluted": 0.01,
    "weightedAverageShsOut": 6332100000,
    "weightedAverageShsOutDil": 6332100000
  },
  {
    "date": "1994-05-31",
    "symbol": "ORCL",
    "reportedCurrency": "USD",
    "cik": "0001341439",
    "filingDate": "1994-05-31",
    "acceptedDate": "1994-05-30 20:00:00",
    "fiscalYear": "1994",
    "period": "Q4",
    "revenue": 668100000,
    "costOfRevenue": 126200000,
    "grossProfit": 541900000,
    "researchAndDevelopmentExpenses": 56200000,
    "generalAndAdministrativeExpenses": 287100000,
    "sellingAndMarketingExpenses": 0,
    "sellingGeneralAndAdministrativeExpenses": 287100000,
    "otherExpenses": 29300000,
    "operatingExpenses": 372600000,
    "costAndExpenses": 498800000,
    "netInterestIncome": 0,
    "interestIncome": 0,
    "interestExpense": 0,
    "depreciationAndAmortization": 29300000,
    "ebitda": 198600000,
    "ebit": 169300000,
    "nonOperatingIncomeExcludingInterest": 0,
    "operatingIncome": 169300000,
    "totalOtherIncomeExpensesNet": 1500000,
    "incomeBeforeTax": 170800000,
    "incomeTaxExpense": 56300000,
    "netIncomeFromContinuingOperations": 114500000,
    "netIncomeFromDiscontinuedOperations": 0,
    "otherAdjustmentsToNetIncome": 0,
    "netIncome": 114500000,
    "netIncomeDeductions": 0,
    "bottomLineNetIncome": 114500000,
    "eps": 0.023,
    "epsDiluted": 0.023,
    "weightedAverageShsOut": 4975000000,
    "weightedAverageShsOutDil": 4975000000
  },
  {
    "date": "1994-02-28",
    "symbol": "ORCL",
    "reportedCurrency": "USD",
    "cik": "0001341439",
    "filingDate": "1994-02-28",
    "acceptedDate": "1994-02-27 19:00:00",
    "fiscalYear": "1994",
    "period": "Q3",
    "revenue": 482800000,
    "costOfRevenue": 100700000,
    "grossProfit": 382100000,
    "researchAndDevelopmentExpenses": 48500000,
    "generalAndAdministrativeExpenses": 203000000,
    "sellingAndMarketingExpenses": 0,
    "sellingGeneralAndAdministrativeExpenses": 203000000,
    "otherExpenses": 26700000,
    "operatingExpenses": 278200000,
    "costAndExpenses": 378900000,
    "netInterestIncome": 0,
    "interestIncome": 0,
    "interestExpense": 0,
    "depreciationAndAmortization": 26700000,
    "ebitda": 130600000,
    "ebit": 103900000,
    "nonOperatingIncomeExcludingInterest": 0,
    "operatingIncome": 103900000,
    "totalOtherIncomeExpensesNet": 200000,
    "incomeBeforeTax": 104100000,
    "incomeTaxExpense": 34400000,
    "netIncomeFromContinuingOperations": 69700000,
    "netIncomeFromDiscontinuedOperations": 0,
    "otherAdjustmentsToNetIncome": 0,
    "netIncome": 69700000,
    "netIncomeDeductions": 0,
    "bottomLineNetIncome": 69700000,
    "eps": 0.02,
    "epsDiluted": 0.02,
    "weightedAverageShsOut": 4975000000,
    "weightedAverageShsOutDil": 4975000000
  },
  {
    "date": "1993-11-30",
    "symbol": "ORCL",
    "reportedCurrency": "USD",
    "cik": "0001341439",
    "filingDate": "1993-11-30",
    "acceptedDate": "1993-11-29 19:00:00",
    "fiscalYear": "1994",
    "period": "Q2",
    "revenue": 452200000,
    "costOfRevenue": 90900000,
    "grossProfit": 361300000,
    "researchAndDevelopmentExpenses": 0,
    "generalAndAdministrativeExpenses": 244100000,
    "sellingAndMarketingExpenses": 0,
    "sellingGeneralAndAdministrativeExpenses": 244100000,
    "otherExpenses": 25300000,
    "operatingExpenses": 269400000,
    "costAndExpenses": 360300000,
    "netInterestIncome": 0,
    "interestIncome": 0,
    "interestExpense": 0,
    "depreciationAndAmortization": 25300000,
    "ebitda": 117200000,
    "ebit": 91900000,
    "nonOperatingIncomeExcludingInterest": 0,
    "operatingIncome": 91900000,
    "totalOtherIncomeExpensesNet": 0,
    "incomeBeforeTax": 91900000,
    "incomeTaxExpense": 29800000,
    "netIncomeFromContinuingOperations": 62100000,
    "netIncomeFromDiscontinuedOperations": 0,
    "otherAdjustmentsToNetIncome": 0,
    "netIncome": 62100000,
    "netIncomeDeductions": 0,
    "bottomLineNetIncome": 62100000,
    "eps": 0.01,
    "epsDiluted": 0.01,
    "weightedAverageShsOut": 6210000000,
    "weightedAverageShsOutDil": 6210000000
  },
  {
    "date": "1993-08-31",
    "symbol": "ORCL",
    "reportedCurrency": "USD",
    "cik": "0001341439",
    "filingDate": "1993-08-31",
    "acceptedDate": "1993-08-30 20:00:00",
    "fiscalYear": "1994",
    "period": "Q1",
    "revenue": 398100000,
    "costOfRevenue": 76900000,
    "grossProfit": 321200000,
    "researchAndDevelopmentExpenses": 0,
    "generalAndAdministrativeExpenses": 243100000,
    "sellingAndMarketingExpenses": 0,
    "sellingGeneralAndAdministrativeExpenses": 243100000,
    "otherExpenses": 23300000,
    "operatingExpenses": 266400000,
    "costAndExpenses": 343300000,
    "netInterestIncome": 0,
    "interestIncome": 0,
    "interestExpense": 0,
    "depreciationAndAmortization": 23300000,
    "ebitda": 78100000,
    "ebit": 54800000,
    "nonOperatingIncomeExcludingInterest": 0,
    "operatingIncome": 54800000,
    "totalOtherIncomeExpensesNet": 1800000,
    "incomeBeforeTax": 56600000,
    "incomeTaxExpense": 19200000,
    "netIncomeFromContinuingOperations": 37400000,
    "netIncomeFromDiscontinuedOperations": 0,
    "otherAdjustmentsToNetIncome": 0,
    "netIncome": 37400000,
    "netIncomeDeductions": 0,
    "bottomLineNetIncome": 37400000,
    "eps": 0.01,
    "epsDiluted": 0.01,
    "weightedAverageShsOut": 5756756000,
    "weightedAverageShsOutDil": 5756756000
  },
  {
    "date": "1993-05-31",
    "symbol": "ORCL",
    "reportedCurrency": "USD",
    "cik": "0001341439",
    "filingDate": "1993-05-31",
    "acceptedDate": "1993-05-30 20:00:00",
    "fiscalYear": "1993",
    "period": "Q4",
    "revenue": 472600000,
    "costOfRevenue": 55600000,
    "grossProfit": 417000000,
    "researchAndDevelopmentExpenses": 0,
    "generalAndAdministrativeExpenses": 268600000,
    "sellingAndMarketingExpenses": 0,
    "sellingGeneralAndAdministrativeExpenses": 268600000,
    "otherExpenses": 19000000,
    "operatingExpenses": 287600000,
    "costAndExpenses": 343200000,
    "netInterestIncome": 0,
    "interestIncome": 0,
    "interestExpense": 0,
    "depreciationAndAmortization": 19000000,
    "ebitda": 148400000,
    "ebit": 129400000,
    "nonOperatingIncomeExcludingInterest": 0,
    "operatingIncome": 129400000,
    "totalOtherIncomeExpensesNet": -23100000,
    "incomeBeforeTax": 106300000,
    "incomeTaxExpense": 37200000,
    "netIncomeFromContinuingOperations": 69100000,
    "netIncomeFromDiscontinuedOperations": 0,
    "otherAdjustmentsToNetIncome": 0,
    "netIncome": 69100000,
    "netIncomeDeductions": 0,
    "bottomLineNetIncome": 69100000,
    "eps": 0.012,
    "epsDiluted": 0.012,
    "weightedAverageShsOut": 5748732000,
    "weightedAverageShsOutDil": 5776052000
  },
  {
    "date": "1993-02-28",
    "symbol": "ORCL",
    "reportedCurrency": "USD",
    "cik": "0001341439",
    "filingDate": "1993-02-28",
    "acceptedDate": "1993-02-27 19:00:00",
    "fiscalYear": "1993",
    "period": "Q3",
    "revenue": 370100000,
    "costOfRevenue": 64400000,
    "grossProfit": 305700000,
    "researchAndDevelopmentExpenses": 0,
    "generalAndAdministrativeExpenses": 242600000,
    "sellingAndMarketingExpenses": 0,
    "sellingGeneralAndAdministrativeExpenses": 242600000,
    "otherExpenses": 19400000,
    "operatingExpenses": 262000000,
    "costAndExpenses": 326400000,
    "netInterestIncome": 0,
    "interestIncome": 0,
    "interestExpense": 0,
    "depreciationAndAmortization": 19400000,
    "ebitda": 63100000,
    "ebit": 43700000,
    "nonOperatingIncomeExcludingInterest": 0,
    "operatingIncome": 43700000,
    "totalOtherIncomeExpensesNet": 1200000,
    "incomeBeforeTax": 44900000,
    "incomeTaxExpense": 15700000,
    "netIncomeFromContinuingOperations": 29200000,
    "netIncomeFromDiscontinuedOperations": 0,
    "otherAdjustmentsToNetIncome": 0,
    "netIncome": 29200000,
    "netIncomeDeductions": 0,
    "bottomLineNetIncome": 29200000,
    "eps": 0.0039,
    "epsDiluted": 0.0039,
    "weightedAverageShsOut": 5776052000,
    "weightedAverageShsOutDil": 5776052000
  },
  {
    "date": "1992-11-30",
    "symbol": "ORCL",
    "reportedCurrency": "USD",
    "cik": "0001341439",
    "filingDate": "1992-11-30",
    "acceptedDate": "1992-11-29 19:00:00",
    "fiscalYear": "1993",
    "period": "Q2",
    "revenue": 353200000,
    "costOfRevenue": 64500000,
    "grossProfit": 288700000,
    "researchAndDevelopmentExpenses": 0,
    "generalAndAdministrativeExpenses": 216900000,
    "sellingAndMarketingExpenses": 0,
    "sellingGeneralAndAdministrativeExpenses": 216900000,
    "otherExpenses": 20100000,
    "operatingExpenses": 237000000,
    "costAndExpenses": 301500000,
    "netInterestIncome": 0,
    "interestIncome": 0,
    "interestExpense": 0,
    "depreciationAndAmortization": 20100000,
    "ebitda": 71800000,
    "ebit": 51700000,
    "nonOperatingIncomeExcludingInterest": 0,
    "operatingIncome": 51700000,
    "totalOtherIncomeExpensesNet": -200000,
    "incomeBeforeTax": 51500000,
    "incomeTaxExpense": 18000000,
    "netIncomeFromContinuingOperations": 33500000,
    "netIncomeFromDiscontinuedOperations": 0,
    "otherAdjustmentsToNetIncome": 0,
    "netIncome": 33500000,
    "netIncomeDeductions": 0,
    "bottomLineNetIncome": 33500000,
    "eps": 0.0039,
    "epsDiluted": 0.0039,
    "weightedAverageShsOut": 5740360000,
    "weightedAverageShsOutDil": 5740360000
  },
  {
    "date": "1992-08-31",
    "symbol": "ORCL",
    "reportedCurrency": "USD",
    "cik": "0001341439",
    "filingDate": "1992-08-31",
    "acceptedDate": "1992-08-30 20:00:00",
    "fiscalYear": "1993",
    "period": "Q1",
    "revenue": 306900000,
    "costOfRevenue": 59000000,
    "grossProfit": 247900000,
    "researchAndDevelopmentExpenses": 0,
    "generalAndAdministrativeExpenses": 211200000,
    "sellingAndMarketingExpenses": 0,
    "sellingGeneralAndAdministrativeExpenses": 211200000,
    "otherExpenses": 20700000,
    "operatingExpenses": 231900000,
    "costAndExpenses": 290900000,
    "netInterestIncome": 0,
    "interestIncome": 0,
    "interestExpense": 0,
    "depreciationAndAmortization": 20700000,
    "ebitda": 36700000,
    "ebit": 16000000,
    "nonOperatingIncomeExcludingInterest": 0,
    "operatingIncome": 16000000,
    "totalOtherIncomeExpensesNet": -600000,
    "incomeBeforeTax": 15400000,
    "incomeTaxExpense": 5400000,
    "netIncomeFromContinuingOperations": 10000000,
    "netIncomeFromDiscontinuedOperations": 0,
    "otherAdjustmentsToNetIncome": -43500000,
    "netIncome": -33500000,
    "netIncomeDeductions": 0,
    "bottomLineNetIncome": -33500000,
    "eps": -0.0059,
    "epsDiluted": -0.0059,
    "weightedAverageShsOut": 5673512000,
    "weightedAverageShsOutDil": 5673512000
  },
  {
    "date": "1992-05-31",
    "symbol": "ORCL",
    "reportedCurrency": "USD",
    "cik": "0001341439",
    "filingDate": "1992-05-31",
    "acceptedDate": "1992-05-30 20:00:00",
    "fiscalYear": "1992",
    "period": "Q4",
    "revenue": 360200000,
    "costOfRevenue": 61000000,
    "grossProfit": 299200000,
    "researchAndDevelopmentExpenses": 0,
    "generalAndAdministrativeExpenses": 235200000,
    "sellingAndMarketingExpenses": 0,
    "sellingGeneralAndAdministrativeExpenses": 235200000,
    "otherExpenses": 16700000,
    "operatingExpenses": 251900000,
    "costAndExpenses": 312900000,
    "netInterestIncome": 0,
    "interestIncome": 0,
    "interestExpense": 0,
    "depreciationAndAmortization": 16700000,
    "ebitda": 64000000,
    "ebit": 47300000,
    "nonOperatingIncomeExcludingInterest": 0,
    "operatingIncome": 47300000,
    "totalOtherIncomeExpensesNet": -4000000,
    "incomeBeforeTax": 43300000,
    "incomeTaxExpense": 14500000,
    "netIncomeFromContinuingOperations": 28800000,
    "netIncomeFromDiscontinuedOperations": 0,
    "otherAdjustmentsToNetIncome": 0,
    "netIncome": 28800000,
    "netIncomeDeductions": 0,
    "bottomLineNetIncome": 28800000,
    "eps": 0.0051,
    "epsDiluted": 0.0051,
    "weightedAverageShsOut": 5617732000,
    "weightedAverageShsOutDil": 5617732000
  },
  {
    "date": "1992-02-29",
    "symbol": "ORCL",
    "reportedCurrency": "USD",
    "cik": "0001341439",
    "filingDate": "1992-02-29",
    "acceptedDate": "1992-02-28 19:00:00",
    "fiscalYear": "1992",
    "period": "Q3",
    "revenue": 289600000,
    "costOfRevenue": 57600000,
    "grossProfit": 232000000,
    "researchAndDevelopmentExpenses": 0,
    "generalAndAdministrativeExpenses": 187100000,
    "sellingAndMarketingExpenses": 0,
    "sellingGeneralAndAdministrativeExpenses": 187100000,
    "otherExpenses": 15100000,
    "operatingExpenses": 202200000,
    "costAndExpenses": 259800000,
    "netInterestIncome": 0,
    "interestIncome": 0,
    "interestExpense": 0,
    "depreciationAndAmortization": 15100000,
    "ebitda": 44900000,
    "ebit": 29800000,
    "nonOperatingIncomeExcludingInterest": 0,
    "operatingIncome": 29800000,
    "totalOtherIncomeExpensesNet": -2700000,
    "incomeBeforeTax": 27100000,
    "incomeTaxExpense": 10300000,
    "netIncomeFromContinuingOperations": 16800000,
    "netIncomeFromDiscontinuedOperations": 0,
    "otherAdjustmentsToNetIncome": 0,
    "netIncome": 16800000,
    "netIncomeDeductions": 0,
    "bottomLineNetIncome": 16800000,
    "eps": 0.01,
    "epsDiluted": -0.0051,
    "weightedAverageShsOut": 5617732000,
    "weightedAverageShsOutDil": 5617732000
  },
  {
    "date": "1991-11-30",
    "symbol": "ORCL",
    "reportedCurrency": "USD",
    "cik": "0001341439",
    "filingDate": "1991-11-30",
    "acceptedDate": "1991-11-29 19:00:00",
    "fiscalYear": "1992",
    "period": "Q2",
    "revenue": 283900000,
    "costOfRevenue": 52200000,
    "grossProfit": 231700000,
    "researchAndDevelopmentExpenses": 0,
    "generalAndAdministrativeExpenses": 186900000,
    "sellingAndMarketingExpenses": 0,
    "sellingGeneralAndAdministrativeExpenses": 186900000,
    "otherExpenses": 16900000,
    "operatingExpenses": 203800000,
    "costAndExpenses": 256000000,
    "netInterestIncome": 0,
    "interestIncome": 0,
    "interestExpense": 0,
    "depreciationAndAmortization": 16900000,
    "ebitda": 44800000,
    "ebit": 27900000,
    "nonOperatingIncomeExcludingInterest": 0,
    "operatingIncome": 27900000,
    "totalOtherIncomeExpensesNet": -6000000,
    "incomeBeforeTax": 21900000,
    "incomeTaxExpense": 8300000,
    "netIncomeFromContinuingOperations": 13600000,
    "netIncomeFromDiscontinuedOperations": 0,
    "otherAdjustmentsToNetIncome": 0,
    "netIncome": 13600000,
    "netIncomeDeductions": 0,
    "bottomLineNetIncome": 13600000,
    "eps": -0.0051,
    "epsDiluted": -0.0051,
    "weightedAverageShsOut": 5590700000,
    "weightedAverageShsOutDil": 5590700000
  },
  {
    "date": "1991-08-31",
    "symbol": "ORCL",
    "reportedCurrency": "USD",
    "cik": "0001341439",
    "filingDate": "1991-08-31",
    "acceptedDate": "1991-08-30 20:00:00",
    "fiscalYear": "1992",
    "period": "Q1",
    "revenue": 244700000,
    "costOfRevenue": 45000000,
    "grossProfit": 199700000,
    "researchAndDevelopmentExpenses": 0,
    "generalAndAdministrativeExpenses": 174100000,
    "sellingAndMarketingExpenses": 0,
    "sellingGeneralAndAdministrativeExpenses": 174100000,
    "otherExpenses": 17100000,
    "operatingExpenses": 191200000,
    "costAndExpenses": 236200000,
    "netInterestIncome": 0,
    "interestIncome": 0,
    "interestExpense": 0,
    "depreciationAndAmortization": 17100000,
    "ebitda": 25600000,
    "ebit": 8500000,
    "nonOperatingIncomeExcludingInterest": 0,
    "operatingIncome": 8500000,
    "totalOtherIncomeExpensesNet": -4600000,
    "incomeBeforeTax": 3900000,
    "incomeTaxExpense": 1500000,
    "netIncomeFromContinuingOperations": 2400000,
    "netIncomeFromDiscontinuedOperations": 0,
    "otherAdjustmentsToNetIncome": 0,
    "netIncome": 2400000,
    "netIncomeDeductions": 0,
    "bottomLineNetIncome": 2400000,
    "eps": -0.0051,
    "epsDiluted": -0.0051,
    "weightedAverageShsOut": 5532300000,
    "weightedAverageShsOutDil": 5532300000
  },
  {
    "date": "1991-05-31",
    "symbol": "ORCL",
    "reportedCurrency": "USD",
    "cik": "0001341439",
    "filingDate": "1991-05-31",
    "acceptedDate": "1991-05-30 20:00:00",
    "fiscalYear": "1991",
    "period": "Q4",
    "revenue": 285900000,
    "costOfRevenue": 50200000,
    "grossProfit": 235700000,
    "researchAndDevelopmentExpenses": 0,
    "generalAndAdministrativeExpenses": 196100000,
    "sellingAndMarketingExpenses": 0,
    "sellingGeneralAndAdministrativeExpenses": 196100000,
    "otherExpenses": 20600000,
    "operatingExpenses": 216700000,
    "costAndExpenses": 266900000,
    "netInterestIncome": 0,
    "interestIncome": 0,
    "interestExpense": 0,
    "depreciationAndAmortization": 20600000,
    "ebitda": 39600000,
    "ebit": 19000000,
    "nonOperatingIncomeExcludingInterest": 0,
    "operatingIncome": 19000000,
    "totalOtherIncomeExpensesNet": -9200000,
    "incomeBeforeTax": 9800000,
    "incomeTaxExpense": 5000000,
    "netIncomeFromContinuingOperations": 4800000,
    "netIncomeFromDiscontinuedOperations": 0,
    "otherAdjustmentsToNetIncome": 0,
    "netIncome": 4800000,
    "netIncomeDeductions": 0,
    "bottomLineNetIncome": 4800000,
    "eps": 0.0009,
    "epsDiluted": 0.0009,
    "weightedAverageShsOut": 5509008000,
    "weightedAverageShsOutDil": 5550308000
  },
  {
    "date": "1991-02-28",
    "symbol": "ORCL",
    "reportedCurrency": "USD",
    "cik": "0001341439",
    "filingDate": "1991-02-28",
    "acceptedDate": "1991-02-27 19:00:00",
    "fiscalYear": "1991",
    "period": "Q3",
    "revenue": 269500000,
    "costOfRevenue": 52300000,
    "grossProfit": 217200000,
    "researchAndDevelopmentExpenses": 0,
    "generalAndAdministrativeExpenses": 171400000,
    "sellingAndMarketingExpenses": 0,
    "sellingGeneralAndAdministrativeExpenses": 171400000,
    "otherExpenses": 17000000,
    "operatingExpenses": 188400000,
    "costAndExpenses": 240700000,
    "netInterestIncome": 0,
    "interestIncome": 0,
    "interestExpense": 0,
    "depreciationAndAmortization": 17000000,
    "ebitda": 45800000,
    "ebit": 28800000,
    "nonOperatingIncomeExcludingInterest": 0,
    "operatingIncome": 28800000,
    "totalOtherIncomeExpensesNet": -7500000,
    "incomeBeforeTax": 21300000,
    "incomeTaxExpense": 9200000,
    "netIncomeFromContinuingOperations": 12100000,
    "netIncomeFromDiscontinuedOperations": 0,
    "otherAdjustmentsToNetIncome": 0,
    "netIncome": 12100000,
    "netIncomeDeductions": 0,
    "bottomLineNetIncome": 12100000,
    "eps": 0.01,
    "epsDiluted": -0.0064,
    "weightedAverageShsOut": 5550308000,
    "weightedAverageShsOutDil": 5550308000
  },
  {
    "date": "1990-11-30",
    "symbol": "ORCL",
    "reportedCurrency": "USD",
    "cik": "0001341439",
    "filingDate": "1990-11-30",
    "acceptedDate": "1990-11-29 19:00:00",
    "fiscalYear": "1991",
    "period": "Q2",
    "revenue": 268700000,
    "costOfRevenue": 51700000,
    "grossProfit": 217000000,
    "researchAndDevelopmentExpenses": 0,
    "generalAndAdministrativeExpenses": 183100000,
    "sellingAndMarketingExpenses": 0,
    "sellingGeneralAndAdministrativeExpenses": 183100000,
    "otherExpenses": 16900000,
    "operatingExpenses": 200000000,
    "costAndExpenses": 251700000,
    "netInterestIncome": 0,
    "interestIncome": 0,
    "interestExpense": 0,
    "depreciationAndAmortization": 16900000,
    "ebitda": 33900000,
    "ebit": 17000000,
    "nonOperatingIncomeExcludingInterest": 0,
    "operatingIncome": 17000000,
    "totalOtherIncomeExpensesNet": -6800000,
    "incomeBeforeTax": 10200000,
    "incomeTaxExpense": 3500000,
    "netIncomeFromContinuingOperations": 6700000,
    "netIncomeFromDiscontinuedOperations": 0,
    "otherAdjustmentsToNetIncome": 0,
    "netIncome": 6700000,
    "netIncomeDeductions": 0,
    "bottomLineNetIncome": 6700000,
    "eps": -0.0064,
    "epsDiluted": -0.0064,
    "weightedAverageShsOut": 5585408000,
    "weightedAverageShsOutDil": 5585408000
  },
  {
    "date": "1990-08-31",
    "symbol": "ORCL",
    "reportedCurrency": "USD",
    "cik": "0001341439",
    "filingDate": "1990-08-31",
    "acceptedDate": "1990-08-30 20:00:00",
    "fiscalYear": "1991",
    "period": "Q1",
    "revenue": 203700000,
    "costOfRevenue": 41600000,
    "grossProfit": 162100000,
    "researchAndDevelopmentExpenses": 0,
    "generalAndAdministrativeExpenses": 193000000,
    "sellingAndMarketingExpenses": 0,
    "sellingGeneralAndAdministrativeExpenses": 193000000,
    "otherExpenses": 16200000,
    "operatingExpenses": 209200000,
    "costAndExpenses": 250800000,
    "netInterestIncome": 0,
    "interestIncome": 0,
    "interestExpense": 0,
    "depreciationAndAmortization": 16200000,
    "ebitda": -30900000,
    "ebit": -47100000,
    "nonOperatingIncomeExcludingInterest": 0,
    "operatingIncome": -47100000,
    "totalOtherIncomeExpensesNet": -7400000,
    "incomeBeforeTax": -54500000,
    "incomeTaxExpense": -18500000,
    "netIncomeFromContinuingOperations": -36000000,
    "netIncomeFromDiscontinuedOperations": 0,
    "otherAdjustmentsToNetIncome": 0,
    "netIncome": -36000000,
    "netIncomeDeductions": 0,
    "bottomLineNetIncome": -36000000,
    "eps": -0.0068,
    "epsDiluted": -0.0068,
    "weightedAverageShsOut": 5330500000,
    "weightedAverageShsOutDil": 5330500000
  },
  {
    "date": "1990-05-31",
    "symbol": "ORCL",
    "reportedCurrency": "USD",
    "cik": "0001341439",
    "filingDate": "1990-05-31",
    "acceptedDate": "1990-05-30 20:00:00",
    "fiscalYear": "1990",
    "period": "Q4",
    "revenue": 334400000,
    "costOfRevenue": 39100000,
    "grossProfit": 295300000,
    "researchAndDevelopmentExpenses": 0,
    "generalAndAdministrativeExpenses": 195300000,
    "sellingAndMarketingExpenses": 0,
    "sellingGeneralAndAdministrativeExpenses": 195300000,
    "otherExpenses": 15400000,
    "operatingExpenses": 210700000,
    "costAndExpenses": 249800000,
    "netInterestIncome": 0,
    "interestIncome": 0,
    "interestExpense": 0,
    "depreciationAndAmortization": 15400000,
    "ebitda": 100000000,
    "ebit": 84600000,
    "nonOperatingIncomeExcludingInterest": 0,
    "operatingIncome": 84600000,
    "totalOtherIncomeExpensesNet": -6700000,
    "incomeBeforeTax": 77900000,
    "incomeTaxExpense": 25000000,
    "netIncomeFromContinuingOperations": 52900000,
    "netIncomeFromDiscontinuedOperations": 0,
    "otherAdjustmentsToNetIncome": 0,
    "netIncome": 52900000,
    "netIncomeDeductions": 0,
    "bottomLineNetIncome": 52900000,
    "eps": 0.01,
    "epsDiluted": 0.01,
    "weightedAverageShsOut": 5268316000,
    "weightedAverageShsOutDil": 5268316000
  },
  {
    "date": "1990-02-28",
    "symbol": "ORCL",
    "reportedCurrency": "USD",
    "cik": "0001341439",
    "filingDate": "1990-02-28",
    "acceptedDate": "1990-02-27 19:00:00",
    "fiscalYear": "1990",
    "period": "Q3",
    "revenue": 236400000,
    "costOfRevenue": 32000000,
    "grossProfit": 204400000,
    "researchAndDevelopmentExpenses": 0,
    "generalAndAdministrativeExpenses": 153800000,
    "sellingAndMarketingExpenses": 0,
    "sellingGeneralAndAdministrativeExpenses": 153800000,
    "otherExpenses": 9600000,
    "operatingExpenses": 163400000,
    "costAndExpenses": 195400000,
    "netInterestIncome": 0,
    "interestIncome": 0,
    "interestExpense": 0,
    "depreciationAndAmortization": 9600000,
    "ebitda": 50600000,
    "ebit": 41000000,
    "nonOperatingIncomeExcludingInterest": 0,
    "operatingIncome": 41000000,
    "totalOtherIncomeExpensesNet": -5300000,
    "incomeBeforeTax": 35700000,
    "incomeTaxExpense": 11400000,
    "netIncomeFromContinuingOperations": 24300000,
    "netIncomeFromDiscontinuedOperations": 0,
    "otherAdjustmentsToNetIncome": 0,
    "netIncome": 24300000,
    "netIncomeDeductions": 0,
    "bottomLineNetIncome": 24300000,
    "eps": 0.01,
    "epsDiluted": 0.01,
    "weightedAverageShsOut": 5268316000,
    "weightedAverageShsOutDil": 5268316000
  },
  {
    "date": "1989-11-30",
    "symbol": "ORCL",
    "reportedCurrency": "USD",
    "cik": "0001341439",
    "filingDate": "1989-11-30",
    "acceptedDate": "1989-11-29 19:00:00",
    "fiscalYear": "1990",
    "period": "Q2",
    "revenue": 224600000,
    "costOfRevenue": 0,
    "grossProfit": 224600000,
    "researchAndDevelopmentExpenses": 0,
    "generalAndAdministrativeExpenses": 0,
    "sellingAndMarketingExpenses": 0,
    "sellingGeneralAndAdministrativeExpenses": 0,
    "otherExpenses": 0,
    "operatingExpenses": 0,
    "costAndExpenses": 0,
    "netInterestIncome": 0,
    "interestIncome": 0,
    "interestExpense": 0,
    "depreciationAndAmortization": 0,
    "ebitda": 224600000,
    "ebit": 224600000,
    "nonOperatingIncomeExcludingInterest": 0,
    "operatingIncome": 224600000,
    "totalOtherIncomeExpensesNet": -224600000,
    "incomeBeforeTax": 0,
    "incomeTaxExpense": 0,
    "netIncomeFromContinuingOperations": 28500000,
    "netIncomeFromDiscontinuedOperations": 0,
    "otherAdjustmentsToNetIncome": 0,
    "netIncome": 28500000,
    "netIncomeDeductions": 0,
    "bottomLineNetIncome": 28500000,
    "eps": 0.01,
    "epsDiluted": 0.01,
    "weightedAverageShsOut": 5144580000,
    "weightedAverageShsOutDil": 5144580000
  },
  {
    "date": "1989-08-31",
    "symbol": "ORCL",
    "reportedCurrency": "USD",
    "cik": "0001341439",
    "filingDate": "1989-08-31",
    "acceptedDate": "1989-08-30 20:00:00",
    "fiscalYear": "1990",
    "period": "Q1",
    "revenue": 175500000,
    "costOfRevenue": 0,
    "grossProfit": 175500000,
    "researchAndDevelopmentExpenses": 0,
    "generalAndAdministrativeExpenses": 0,
    "sellingAndMarketingExpenses": 0,
    "sellingGeneralAndAdministrativeExpenses": 0,
    "otherExpenses": 0,
    "operatingExpenses": 0,
    "costAndExpenses": 0,
    "netInterestIncome": 0,
    "interestIncome": 0,
    "interestExpense": 0,
    "depreciationAndAmortization": 0,
    "ebitda": 175500000,
    "ebit": 175500000,
    "nonOperatingIncomeExcludingInterest": 0,
    "operatingIncome": 175500000,
    "totalOtherIncomeExpensesNet": -175500000,
    "incomeBeforeTax": 0,
    "incomeTaxExpense": 0,
    "netIncomeFromContinuingOperations": 11700000,
    "netIncomeFromDiscontinuedOperations": 0,
    "otherAdjustmentsToNetIncome": 0,
    "netIncome": 11700000,
    "netIncomeDeductions": 0,
    "bottomLineNetIncome": 11700000,
    "eps": 0.01,
    "epsDiluted": 0.01,
    "weightedAverageShsOut": 4859676000,
    "weightedAverageShsOutDil": 4859676000
  },
  {
    "date": "1989-05-31",
    "symbol": "ORCL",
    "reportedCurrency": "USD",
    "cik": "0001341439",
    "filingDate": "1989-05-31",
    "acceptedDate": "1989-05-30 20:00:00",
    "fiscalYear": "1989",
    "period": "Q4",
    "revenue": 216000000,
    "costOfRevenue": 0,
    "grossProfit": 216000000,
    "researchAndDevelopmentExpenses": 0,
    "generalAndAdministrativeExpenses": 0,
    "sellingAndMarketingExpenses": 0,
    "sellingGeneralAndAdministrativeExpenses": 0,
    "otherExpenses": -460700000,
    "operatingExpenses": -460700000,
    "costAndExpenses": -460700000,
    "netInterestIncome": 0,
    "interestIncome": 0,
    "interestExpense": 0,
    "depreciationAndAmortization": 0,
    "ebitda": -244700000,
    "ebit": -244700000,
    "nonOperatingIncomeExcludingInterest": 0,
    "operatingIncome": -244700000,
    "totalOtherIncomeExpensesNet": 365000000,
    "incomeBeforeTax": 0,
    "incomeTaxExpense": 0,
    "netIncomeFromContinuingOperations": 33600000,
    "netIncomeFromDiscontinuedOperations": 0,
    "otherAdjustmentsToNetIncome": 0,
    "netIncome": 33600000,
    "netIncomeDeductions": 0,
    "bottomLineNetIncome": 33600000,
    "eps": 0.01,
    "epsDiluted": 0.01,
    "weightedAverageShsOut": 4859676000,
    "weightedAverageShsOutDil": 4859676000
  },
  {
    "date": "1989-02-28",
    "symbol": "ORCL",
    "reportedCurrency": "USD",
    "cik": "0001341439",
    "filingDate": "1989-02-28",
    "acceptedDate": "1989-02-27 19:00:00",
    "fiscalYear": "1989",
    "period": "Q3",
    "revenue": 153400000,
    "costOfRevenue": 0,
    "grossProfit": 153400000,
    "researchAndDevelopmentExpenses": 0,
    "generalAndAdministrativeExpenses": 0,
    "sellingAndMarketingExpenses": 0,
    "sellingGeneralAndAdministrativeExpenses": 0,
    "otherExpenses": 0,
    "operatingExpenses": 0,
    "costAndExpenses": 0,
    "netInterestIncome": 0,
    "interestIncome": 0,
    "interestExpense": 0,
    "depreciationAndAmortization": 0,
    "ebitda": 153400000,
    "ebit": 153400000,
    "nonOperatingIncomeExcludingInterest": 0,
    "operatingIncome": 153400000,
    "totalOtherIncomeExpensesNet": -153400000,
    "incomeBeforeTax": 0,
    "incomeTaxExpense": 0,
    "netIncomeFromContinuingOperations": 24000000,
    "netIncomeFromDiscontinuedOperations": 0,
    "otherAdjustmentsToNetIncome": 0,
    "netIncome": 24000000,
    "netIncomeDeductions": 0,
    "bottomLineNetIncome": 24000000,
    "eps": 0.01,
    "epsDiluted": 0.01,
    "weightedAverageShsOut": 4859676000,
    "weightedAverageShsOutDil": 4859676000
  },
  {
    "date": "1988-11-30",
    "symbol": "ORCL",
    "reportedCurrency": "USD",
    "cik": "0001341439",
    "filingDate": "1988-11-30",
    "acceptedDate": "1988-11-29 19:00:00",
    "fiscalYear": "1989",
    "period": "Q2",
    "revenue": 123700000,
    "costOfRevenue": 0,
    "grossProfit": 123700000,
    "researchAndDevelopmentExpenses": 0,
    "generalAndAdministrativeExpenses": 0,
    "sellingAndMarketingExpenses": 0,
    "sellingGeneralAndAdministrativeExpenses": 0,
    "otherExpenses": 0,
    "operatingExpenses": 0,
    "costAndExpenses": 0,
    "netInterestIncome": 0,
    "interestIncome": 0,
    "interestExpense": 0,
    "depreciationAndAmortization": 0,
    "ebitda": 123700000,
    "ebit": 123700000,
    "nonOperatingIncomeExcludingInterest": 0,
    "operatingIncome": 123700000,
    "totalOtherIncomeExpensesNet": -123700000,
    "incomeBeforeTax": 0,
    "incomeTaxExpense": 0,
    "netIncomeFromContinuingOperations": 17200000,
    "netIncomeFromDiscontinuedOperations": 0,
    "otherAdjustmentsToNetIncome": 0,
    "netIncome": 17100000,
    "netIncomeDeductions": 0,
    "bottomLineNetIncome": 17200000,
    "eps": 0.01,
    "epsDiluted": 0.01,
    "weightedAverageShsOut": 4859676000,
    "weightedAverageShsOutDil": 4859676000
  },
  {
    "date": "1988-08-31",
    "symbol": "ORCL",
    "reportedCurrency": "USD",
    "cik": "0001341439",
    "filingDate": "1988-08-31",
    "acceptedDate": "1988-08-30 20:00:00",
    "fiscalYear": "1989",
    "period": "Q1",
    "revenue": 90600000,
    "costOfRevenue": 0,
    "grossProfit": 90600000,
    "researchAndDevelopmentExpenses": 0,
    "generalAndAdministrativeExpenses": 0,
    "sellingAndMarketingExpenses": 0,
    "sellingGeneralAndAdministrativeExpenses": 0,
    "otherExpenses": 0,
    "operatingExpenses": 0,
    "costAndExpenses": 0,
    "netInterestIncome": 0,
    "interestIncome": 0,
    "interestExpense": 0,
    "depreciationAndAmortization": 0,
    "ebitda": 90600000,
    "ebit": 90600000,
    "nonOperatingIncomeExcludingInterest": 0,
    "operatingIncome": 90600000,
    "totalOtherIncomeExpensesNet": -90600000,
    "incomeBeforeTax": 0,
    "incomeTaxExpense": 0,
    "netIncomeFromContinuingOperations": 7100000,
    "netIncomeFromDiscontinuedOperations": 0,
    "otherAdjustmentsToNetIncome": 0,
    "netIncome": 7000000,
    "netIncomeDeductions": 0,
    "bottomLineNetIncome": 7100000,
    "eps": 0.01,
    "epsDiluted": -0.01,
    "weightedAverageShsOut": 4699940000,
    "weightedAverageShsOutDil": 4699940000
  },
  {
    "date": "1988-05-31",
    "symbol": "ORCL",
    "reportedCurrency": "USD",
    "cik": "0001341439",
    "filingDate": "1988-05-31",
    "acceptedDate": "1988-05-30 20:00:00",
    "fiscalYear": "1988",
    "period": "Q4",
    "revenue": 104200000,
    "costOfRevenue": 0,
    "grossProfit": 104200000,
    "researchAndDevelopmentExpenses": 0,
    "generalAndAdministrativeExpenses": 0,
    "sellingAndMarketingExpenses": 0,
    "sellingGeneralAndAdministrativeExpenses": 0,
    "otherExpenses": -218300000,
    "operatingExpenses": -218300000,
    "costAndExpenses": -218300000,
    "netInterestIncome": 0,
    "interestIncome": 0,
    "interestExpense": 0,
    "depreciationAndAmortization": 0,
    "ebitda": -114100000,
    "ebit": -114100000,
    "nonOperatingIncomeExcludingInterest": 0,
    "operatingIncome": -114100000,
    "totalOtherIncomeExpensesNet": 179100000,
    "incomeBeforeTax": 0,
    "incomeTaxExpense": 0,
    "netIncomeFromContinuingOperations": 19000000,
    "netIncomeFromDiscontinuedOperations": 0,
    "otherAdjustmentsToNetIncome": 0,
    "netIncome": 19100000,
    "netIncomeDeductions": 0,
    "bottomLineNetIncome": 19100000,
    "eps": 0.0041,
    "epsDiluted": 0.0041,
    "weightedAverageShsOut": 4699940000,
    "weightedAverageShsOutDil": 4699940000
  },
  {
    "date": "1988-02-29",
    "symbol": "ORCL",
    "reportedCurrency": "USD",
    "cik": "0001341439",
    "filingDate": "1988-02-29",
    "acceptedDate": "1988-02-28 19:00:00",
    "fiscalYear": "1988",
    "period": "Q3",
    "revenue": 76300000,
    "costOfRevenue": 0,
    "grossProfit": 76300000,
    "researchAndDevelopmentExpenses": 0,
    "generalAndAdministrativeExpenses": 0,
    "sellingAndMarketingExpenses": 0,
    "sellingGeneralAndAdministrativeExpenses": 0,
    "otherExpenses": 0,
    "operatingExpenses": 0,
    "costAndExpenses": 0,
    "netInterestIncome": 0,
    "interestIncome": 0,
    "interestExpense": 0,
    "depreciationAndAmortization": 0,
    "ebitda": 76300000,
    "ebit": 76300000,
    "nonOperatingIncomeExcludingInterest": 0,
    "operatingIncome": 76300000,
    "totalOtherIncomeExpensesNet": -76300000,
    "incomeBeforeTax": 0,
    "incomeTaxExpense": 0,
    "netIncomeFromContinuingOperations": 13000000,
    "netIncomeFromDiscontinuedOperations": 0,
    "otherAdjustmentsToNetIncome": 0,
    "netIncome": 12900000,
    "netIncomeDeductions": 0,
    "bottomLineNetIncome": 12900000,
    "eps": 0.01,
    "epsDiluted": 0.01,
    "weightedAverageShsOut": 4699940000,
    "weightedAverageShsOutDil": 4699940000
  },
  {
    "date": "1987-11-30",
    "symbol": "ORCL",
    "reportedCurrency": "USD",
    "cik": "0001341439",
    "filingDate": "1987-11-30",
    "acceptedDate": "1987-11-29 19:00:00",
    "fiscalYear": "1988",
    "period": "Q2",
    "revenue": 60300000,
    "costOfRevenue": 0,
    "grossProfit": 60300000,
    "researchAndDevelopmentExpenses": 0,
    "generalAndAdministrativeExpenses": 0,
    "sellingAndMarketingExpenses": 0,
    "sellingGeneralAndAdministrativeExpenses": 0,
    "otherExpenses": 0,
    "operatingExpenses": 0,
    "costAndExpenses": 0,
    "netInterestIncome": 0,
    "interestIncome": 0,
    "interestExpense": 0,
    "depreciationAndAmortization": 0,
    "ebitda": 60300000,
    "ebit": 60300000,
    "nonOperatingIncomeExcludingInterest": 0,
    "operatingIncome": 60300000,
    "totalOtherIncomeExpensesNet": -60300000,
    "incomeBeforeTax": 0,
    "incomeTaxExpense": 0,
    "netIncomeFromContinuingOperations": 7700000,
    "netIncomeFromDiscontinuedOperations": 0,
    "otherAdjustmentsToNetIncome": 0,
    "netIncome": 7600000,
    "netIncomeDeductions": 0,
    "bottomLineNetIncome": 7600000,
    "eps": 0.01,
    "epsDiluted": -0.0141,
    "weightedAverageShsOut": 4699940000,
    "weightedAverageShsOutDil": 4699940000
  },
  {
    "date": "1987-08-31",
    "symbol": "ORCL",
    "reportedCurrency": "USD",
    "cik": "0001341439",
    "filingDate": "1987-08-31",
    "acceptedDate": "1987-08-30 20:00:00",
    "fiscalYear": "1988",
    "period": "Q1",
    "revenue": 41300000,
    "costOfRevenue": 0,
    "grossProfit": 41300000,
    "researchAndDevelopmentExpenses": 0,
    "generalAndAdministrativeExpenses": 0,
    "sellingAndMarketingExpenses": 0,
    "sellingGeneralAndAdministrativeExpenses": 0,
    "otherExpenses": 0,
    "operatingExpenses": 0,
    "costAndExpenses": 0,
    "netInterestIncome": 0,
    "interestIncome": 0,
    "interestExpense": 0,
    "depreciationAndAmortization": 0,
    "ebitda": 41300000,
    "ebit": 41300000,
    "nonOperatingIncomeExcludingInterest": 0,
    "operatingIncome": 41300000,
    "totalOtherIncomeExpensesNet": -41300000,
    "incomeBeforeTax": 0,
    "incomeTaxExpense": 0,
    "netIncomeFromContinuingOperations": 3200000,
    "netIncomeFromDiscontinuedOperations": 0,
    "otherAdjustmentsToNetIncome": 0,
    "netIncome": 3100000,
    "netIncomeDeductions": 0,
    "bottomLineNetIncome": 3100000,
    "eps": 0.01,
    "epsDiluted": -0.0141,
    "weightedAverageShsOut": 4613440000,
    "weightedAverageShsOutDil": 4613440000
  },
  {
    "date": "1987-05-31",
    "symbol": "ORCL",
    "reportedCurrency": "USD",
    "cik": "0001341439",
    "filingDate": "1987-05-31",
    "acceptedDate": "1987-05-30 20:00:00",
    "fiscalYear": "1987",
    "period": "Q4",
    "revenue": 50400000,
    "costOfRevenue": 0,
    "grossProfit": 50400000,
    "researchAndDevelopmentExpenses": 0,
    "generalAndAdministrativeExpenses": 0,
    "sellingAndMarketingExpenses": 0,
    "sellingGeneralAndAdministrativeExpenses": 0,
    "otherExpenses": -102900000,
    "operatingExpenses": -102900000,
    "costAndExpenses": -102900000,
    "netInterestIncome": 0,
    "interestIncome": 0,
    "interestExpense": 0,
    "depreciationAndAmortization": 0,
    "ebitda": -52500000,
    "ebit": -52500000,
    "nonOperatingIncomeExcludingInterest": 0,
    "operatingIncome": -52500000,
    "totalOtherIncomeExpensesNet": 80400000,
    "incomeBeforeTax": 0,
    "incomeTaxExpense": 0,
    "netIncomeFromContinuingOperations": 7400000,
    "netIncomeFromDiscontinuedOperations": 0,
    "otherAdjustmentsToNetIncome": 0,
    "netIncome": 7600000,
    "netIncomeDeductions": 0,
    "bottomLineNetIncome": 7600000,
    "eps": 0.0018,
    "epsDiluted": 0.0018,
    "weightedAverageShsOut": 4319676000,
    "weightedAverageShsOutDil": 4319676000
  },
  {
    "date": "1987-02-28",
    "symbol": "ORCL",
    "reportedCurrency": "USD",
    "cik": "0001341439",
    "filingDate": "1987-02-28",
    "acceptedDate": "1987-02-27 19:00:00",
    "fiscalYear": "1987",
    "period": "Q3",
    "revenue": 34900000,
    "costOfRevenue": 0,
    "grossProfit": 34900000,
    "researchAndDevelopmentExpenses": 0,
    "generalAndAdministrativeExpenses": 0,
    "sellingAndMarketingExpenses": 0,
    "sellingGeneralAndAdministrativeExpenses": 0,
    "otherExpenses": 0,
    "operatingExpenses": 0,
    "costAndExpenses": 0,
    "netInterestIncome": 0,
    "interestIncome": 0,
    "interestExpense": 0,
    "depreciationAndAmortization": 0,
    "ebitda": 34900000,
    "ebit": 34900000,
    "nonOperatingIncomeExcludingInterest": 0,
    "operatingIncome": 34900000,
    "totalOtherIncomeExpensesNet": -34900000,
    "incomeBeforeTax": 0,
    "incomeTaxExpense": 0,
    "netIncomeFromContinuingOperations": 4800000,
    "netIncomeFromDiscontinuedOperations": 0,
    "otherAdjustmentsToNetIncome": 0,
    "netIncome": 4800000,
    "netIncomeDeductions": 0,
    "bottomLineNetIncome": 4900000,
    "eps": 0.01,
    "epsDiluted": -0.0118,
    "weightedAverageShsOut": 4319676000,
    "weightedAverageShsOutDil": 4319676000
  },
  {
    "date": "1986-11-30",
    "symbol": "ORCL",
    "reportedCurrency": "USD",
    "cik": "0001341439",
    "filingDate": "1986-11-30",
    "acceptedDate": "1986-11-29 19:00:00",
    "fiscalYear": "1987",
    "period": "Q2",
    "revenue": 28400000,
    "costOfRevenue": 0,
    "grossProfit": 28400000,
    "researchAndDevelopmentExpenses": 0,
    "generalAndAdministrativeExpenses": 0,
    "sellingAndMarketingExpenses": 0,
    "sellingGeneralAndAdministrativeExpenses": 0,
    "otherExpenses": 0,
    "operatingExpenses": 0,
    "costAndExpenses": 0,
    "netInterestIncome": 0,
    "interestIncome": 0,
    "interestExpense": 0,
    "depreciationAndAmortization": 0,
    "ebitda": 28400000,
    "ebit": 28400000,
    "nonOperatingIncomeExcludingInterest": 0,
    "operatingIncome": 28400000,
    "totalOtherIncomeExpensesNet": -28400000,
    "incomeBeforeTax": 0,
    "incomeTaxExpense": 0,
    "netIncomeFromContinuingOperations": 3000000,
    "netIncomeFromDiscontinuedOperations": 0,
    "otherAdjustmentsToNetIncome": 0,
    "netIncome": 3000000,
    "netIncomeDeductions": 0,
    "bottomLineNetIncome": 3100000,
    "eps": 0.01,
    "epsDiluted": -0.0118,
    "weightedAverageShsOut": 4281836000,
    "weightedAverageShsOutDil": 4281836000
  },
  {
    "date": "1986-08-31",
    "symbol": "ORCL",
    "reportedCurrency": "USD",
    "cik": "0001341439",
    "filingDate": "1986-08-31",
    "acceptedDate": "1986-08-30 20:00:00",
    "fiscalYear": "1987",
    "period": "Q1",
    "revenue": 17600000,
    "costOfRevenue": 0,
    "grossProfit": 17600000,
    "researchAndDevelopmentExpenses": 0,
    "generalAndAdministrativeExpenses": 0,
    "sellingAndMarketingExpenses": 0,
    "sellingGeneralAndAdministrativeExpenses": 0,
    "otherExpenses": 0,
    "operatingExpenses": 0,
    "costAndExpenses": 0,
    "netInterestIncome": 0,
    "interestIncome": 0,
    "interestExpense": 0,
    "depreciationAndAmortization": 0,
    "ebitda": 17600000,
    "ebit": 17600000,
    "nonOperatingIncomeExcludingInterest": 0,
    "operatingIncome": 17600000,
    "totalOtherIncomeExpensesNet": -17600000,
    "incomeBeforeTax": 0,
    "incomeTaxExpense": 0,
    "netIncomeFromContinuingOperations": 100000,
    "netIncomeFromDiscontinuedOperations": 0,
    "otherAdjustmentsToNetIncome": 0,
    "netIncome": 100000,
    "netIncomeDeductions": 0,
    "bottomLineNetIncome": 200000,
    "eps": 0.01,
    "epsDiluted": -0.0118,
    "weightedAverageShsOut": 4192588000,
    "weightedAverageShsOutDil": 4192588000
  },
  {
    "date": "1986-05-31",
    "symbol": "ORCL",
    "reportedCurrency": "USD",
    "cik": "0001341439",
    "filingDate": "1986-05-31",
    "acceptedDate": "1986-05-30 20:00:00",
    "fiscalYear": "1986",
    "period": "Q4",
    "revenue": 20900000,
    "costOfRevenue": 0,
    "grossProfit": 20900000,
    "researchAndDevelopmentExpenses": 0,
    "generalAndAdministrativeExpenses": 0,
    "sellingAndMarketingExpenses": 0,
    "sellingGeneralAndAdministrativeExpenses": 0,
    "otherExpenses": -44500000,
    "operatingExpenses": -44500000,
    "costAndExpenses": -44500000,
    "netInterestIncome": 0,
    "interestIncome": 0,
    "interestExpense": 0,
    "depreciationAndAmortization": 0,
    "ebitda": -23600000,
    "ebit": -23600000,
    "nonOperatingIncomeExcludingInterest": 0,
    "operatingIncome": -23600000,
    "totalOtherIncomeExpensesNet": 34200000,
    "incomeBeforeTax": 0,
    "incomeTaxExpense": 0,
    "netIncomeFromContinuingOperations": 2400000,
    "netIncomeFromDiscontinuedOperations": 0,
    "otherAdjustmentsToNetIncome": 0,
    "netIncome": 2600000,
    "netIncomeDeductions": 0,
    "bottomLineNetIncome": 2600000,
    "eps": 0.0006,
    "epsDiluted": 0.0006,
    "weightedAverageShsOut": 4192588000,
    "weightedAverageShsOutDil": 4192588000
  },
  {
    "date": "1986-02-28",
    "symbol": "ORCL",
    "reportedCurrency": "USD",
    "cik": "0001341439",
    "filingDate": "1986-02-28",
    "acceptedDate": "1986-02-27 19:00:00",
    "fiscalYear": "1986",
    "period": "Q3",
    "revenue": 16000000,
    "costOfRevenue": 0,
    "grossProfit": 16000000,
    "researchAndDevelopmentExpenses": 0,
    "generalAndAdministrativeExpenses": 0,
    "sellingAndMarketingExpenses": 0,
    "sellingGeneralAndAdministrativeExpenses": 0,
    "otherExpenses": 0,
    "operatingExpenses": 0,
    "costAndExpenses": 0,
    "netInterestIncome": 0,
    "interestIncome": 0,
    "interestExpense": 0,
    "depreciationAndAmortization": 0,
    "ebitda": 16000000,
    "ebit": 16000000,
    "nonOperatingIncomeExcludingInterest": 0,
    "operatingIncome": 16000000,
    "totalOtherIncomeExpensesNet": -16000000,
    "incomeBeforeTax": 0,
    "incomeTaxExpense": 0,
    "netIncomeFromContinuingOperations": 2100000,
    "netIncomeFromDiscontinuedOperations": 0,
    "otherAdjustmentsToNetIncome": 0,
    "netIncome": 1900000,
    "netIncomeDeductions": 0,
    "bottomLineNetIncome": 2100000,
    "eps": 0.01,
    "epsDiluted": -0.0106,
    "weightedAverageShsOut": 4192588000,
    "weightedAverageShsOutDil": 4192588000
  },
  {
    "date": "1985-11-30",
    "symbol": "ORCL",
    "reportedCurrency": "USD",
    "cik": "0001341439",
    "filingDate": "1985-11-30",
    "acceptedDate": "1985-11-29 19:00:00",
    "fiscalYear": "1986",
    "period": "Q2",
    "revenue": 9300000,
    "costOfRevenue": 0,
    "grossProfit": 9300000,
    "researchAndDevelopmentExpenses": 0,
    "generalAndAdministrativeExpenses": 0,
    "sellingAndMarketingExpenses": 0,
    "sellingGeneralAndAdministrativeExpenses": 0,
    "otherExpenses": 0,
    "operatingExpenses": 0,
    "costAndExpenses": 0,
    "netInterestIncome": 0,
    "interestIncome": 0,
    "interestExpense": 0,
    "depreciationAndAmortization": 0,
    "ebitda": 9300000,
    "ebit": 9300000,
    "nonOperatingIncomeExcludingInterest": 0,
    "operatingIncome": 9300000,
    "totalOtherIncomeExpensesNet": -9300000,
    "incomeBeforeTax": 0,
    "incomeTaxExpense": 0,
    "netIncomeFromContinuingOperations": 700000,
    "netIncomeFromDiscontinuedOperations": 0,
    "otherAdjustmentsToNetIncome": 0,
    "netIncome": 500000,
    "netIncomeDeductions": 0,
    "bottomLineNetIncome": 700000,
    "eps": 0.01,
    "epsDiluted": -0.0106,
    "weightedAverageShsOut": 4192587864,
    "weightedAverageShsOutDil": 4192587864
  },
  {
    "date": "1985-08-31",
    "symbol": "ORCL",
    "reportedCurrency": "USD",
    "cik": "0001341439",
    "filingDate": "1985-08-31",
    "acceptedDate": "1985-08-30 20:00:00",
    "fiscalYear": "1986",
    "period": "Q1",
    "revenue": 9300000,
    "costOfRevenue": 0,
    "grossProfit": 9300000,
    "researchAndDevelopmentExpenses": 0,
    "generalAndAdministrativeExpenses": 0,
    "sellingAndMarketingExpenses": 0,
    "sellingGeneralAndAdministrativeExpenses": 0,
    "otherExpenses": 0,
    "operatingExpenses": 0,
    "costAndExpenses": 0,
    "netInterestIncome": 0,
    "interestIncome": 0,
    "interestExpense": 0,
    "depreciationAndAmortization": 0,
    "ebitda": 9300000,
    "ebit": 9300000,
    "nonOperatingIncomeExcludingInterest": 0,
    "operatingIncome": 9300000,
    "totalOtherIncomeExpensesNet": -9300000,
    "incomeBeforeTax": 0,
    "incomeTaxExpense": 0,
    "netIncomeFromContinuingOperations": 700000,
    "netIncomeFromDiscontinuedOperations": 0,
    "otherAdjustmentsToNetIncome": 0,
    "netIncome": 500000,
    "netIncomeDeductions": 0,
    "bottomLineNetIncome": 700000,
    "eps": 0.01,
    "epsDiluted": -0.0106,
    "weightedAverageShsOut": 4192587864,
    "weightedAverageShsOutDil": 4192587864
  }
]