date,symbol,reportedCurrency,cik,filingDate,acceptedDate,fiscalYear,period,revenue,costOfRevenue,grossProfit,researchAndDevelopmentExpenses,generalAndAdministrativeExpenses,sellingAndMarketingExpenses,sellingGeneralAndAdministrativeExpenses,otherExpenses,operatingExpenses,costAndExpenses,netInterestIncome,interestIncome,interestExpense,depreciationAndAmortization,ebitda,ebit,nonOperatingIncomeExcludingInterest,operatingIncome,totalOtherIncomeExpensesNet,incomeBeforeTax,incomeTaxExpense,netIncomeFromContinuingOperations,netIncomeFromDiscontinuedOperations,otherAdjustmentsToNetIncome,netIncome,netIncomeDeductions,bottomLineNetIncome,eps,epsDiluted,weightedAverageShsOut,weightedAverageShsOutDil
2020-12-26,AMD,USD,0000002488,2021-01-29,2021-01-29 17:24:00,2020,Q4,3244000000,1793000000,1451000000,573000000,0,0,308000000,0,881000000,2674000000,-9000000,0,9000000,101000000,656000000,555000000,15000000,570000000,-21000000,549000000,-1232000000,1781000000,0,0,1781000000,-1000000,1782000000,1.48,1.45,1205000000,1226000000
2021-03-27,AMD,USD,0000002488,2021-04-28,2021-04-28 16:39:55,2021,Q1,3445000000,1858000000,1587000000,610000000,0,0,319000000,-4000000,925000000,2783000000,-9000000,0,9000000,107000000,758000000,651000000,11000000,662000000,-18000000,644000000,89000000,555000000,0,0,555000000,0,555000000,0.46,0.45,1213000000,1231000000
2021-06-26,AMD,USD,0000002488,2021-07-28,2021-07-28 16:46:31,2021,Q2,3850000000,2020000000,1830000000,659000000,0,0,341000000,-1000000,999000000,3019000000,-10000000,0,10000000,110000000,941000000,831000000,0,831000000,-8000000,823000000,113000000,710000000,0,0,710000000,0,710000000,0.58,0.58,1216000000,1232000000
2021-09-25,AMD,USD,0000002488,2021-10-27,2021-10-27 16:37:56,2021,Q3,4313000000,2227000000,2086000000,765000000,0,0,376000000,-3000000,1138000000,3365000000,-7000000,0,7000000,112000000,1122000000,1010000000,-62000000,948000000,57000000,1005000000,82000000,923000000,0,0,923000000,0,923000000,0.76,0.75,1214000000,1230000000
2021-12-25,AMD,USD,0000002488,2022-02-03,2022-02-03 17:22:50,2021,Q4,4826000000,2400000000,2426000000,811000000,0,0,412000000,-4000000,1219000000,3619000000,-8000000,0,8000000,134000000,1345000000,1211000000,-4000000,1207000000,-4000000,1203000000,229000000,974000000,0,0,974000000,0,974000000,0.81,0.8,1208000000,1222000000
2022-03-26,AMD,USD,0000002488,2022-05-04,2022-05-04 16:50:40,2022,Q1,5887000000,3069000000,2818000000,1060000000,0,0,597000000,210000000,1867000000,4936000000,-13000000,0,13000000,628000000,1537000000,909000000,42000000,951000000,-52000000,899000000,113000000,786000000,0,0,786000000,0,786000000,0.56,0.56,1393000000,1410000000
2022-06-25,AMD,USD,0000002488,2022-08-03,2022-08-03 17:15:57,2022,Q2,6550000000,3522000000,3028000000,1300000000,0,0,592000000,610000000,2502000000,6024000000,-25000000,0,25000000,1201000000,1723000000,522000000,4000000,526000000,-25000000,501000000,54000000,447000000,0,0,447000000,0,447000000,0.28,0.27,1618000000,1632000000
2022-09-24,AMD,USD,0000002488,2022-11-02,2022-11-02 16:35:10,2022,Q3,5565000000,3211000000,2354000000,1279000000,0,0,557000000,582000000,2418000000,5629000000,-31000000,0,31000000,1188000000,1146000000,-42000000,-22000000,-64000000,-5000000,-69000000,-135000000,66000000,0,0,66000000,0,66000000,0.0409,0.0406,1615000000,1625000000
2022-12-31,AMD,USD,0000002488,2023-02-27,2023-02-27 16:20:39,2022,Q4,5599000000,3196000000,2403000000,1366000000,0,0,590000000,596000000,2552000000,5748000000,-19000000,0,19000000,1245000000,1128000000,-117000000,-32000000,-149000000,16000000,-133000000,-154000000,21000000,0,0,21000000,0,21000000,0.013,0.013,1613000000,1618000000
2023-04-01,AMD,USD,0000002488,2023-05-03,2023-05-03 16:28:42,2023,Q1,5353000000,2994000000,2359000000,1411000000,0,0,585000000,508000000,2504000000,5498000000,-25000000,0,25000000,1006000000,904000000,-102000000,-43000000,-145000000,19000000,-126000000,13000000,-139000000,0,0,-139000000,0,-139000000,-0.09,-0.09,1611000000,1611000000
2023-07-01,AMD,USD,0000002488,2023-08-02,2023-08-02 17:12:01,2023,Q2,5359000000,2916000000,2443000000,1443000000,0,0,547000000,473000000,2463000000,5379000000,-28000000,0,28000000,873000000,899000000,26000000,-46000000,-20000000,24000000,4000000,-23000000,27000000,0,0,27000000,0,27000000,0.0167,0.0166,1612000000,1627000000
2023-09-30,AMD,USD,0000002488,2023-11-01,2023-11-01 16:20:28,2023,Q3,5800000000,3053000000,2747000000,1507000000,0,0,576000000,440000000,2523000000,5576000000,-26000000,0,26000000,848000000,1131000000,283000000,-59000000,224000000,36000000,260000000,-39000000,299000000,0,0,299000000,0,299000000,0.18,0.18,1616000000,1629000000
2023-12-30,AMD,USD,0000002488,2024-01-31,2024-01-31 17:16:39,2023,Q4,6168000000,3257000000,2911000000,1511000000,0,0,644000000,414000000,2569000000,5826000000,-27000000,0,27000000,824000000,1215000000,391000000,-49000000,342000000,28000000,370000000,-297000000,667000000,0,0,667000000,0,667000000,0.41,0.41,1616000000,1628000000
2024-03-30,AMD,USD,0000002488,2024-05-01,2024-05-01 16:10:44,2024,Q1,5473000000,2913000000,2560000000,1525000000,0,0,607000000,392000000,2524000000,5437000000,-25000000,0,25000000,784000000,873000000,89000000,-53000000,36000000,35000000,71000000,-52000000,123000000,0,0,123000000,0,123000000,0.08,0.075,1617000000,1639000000
2024-06-29,AMD,USD,0000002488,2024-07-31,2024-07-31 16:20:22,2024,Q2,5835000000,2971000000,2864000000,1583000000,0,0,640000000,372000000,2595000000,5566000000,-25000000,0,25000000,769000000,1093000000,324000000,-55000000,269000000,37000000,306000000,41000000,265000000,0,0,265000000,0,265000000,0.16,0.16,1618000000,1637000000
2024-09-28,AMD,USD,0000002488,2024-10-30,2024-10-30 16:26:03,2024,Q3,6819000000,3400000000,3419000000,1636000000,0,0,721000000,338000000,2695000000,6095000000,-23000000,0,23000000,838000000,1598000000,760000000,-36000000,724000000,20000000,744000000,-27000000,771000000,0,0,771000000,0,771000000,0.48,0.47,1620000000,1636000000
2024-12-28,AMD,USD,0000002488,2025-02-05,2025-02-05 16:42:57,2024,Q4,7658000000,3776000000,3882000000,1712000000,0,0,792000000,507000000,3011000000,6787000000,-19000000,0,19000000,786000000,1694000000,908000000,-37000000,871000000,30000000,901000000,419000000,482000000,0,0,482000000,0,482000000,0.3,0.29,1623000000,1634000000
2025-03-29,AMD,USD,0000002488,2025-05-07,2025-05-06 18:04:48,2025,Q1,7438000000,3702000000,3736000000,1728000000,0,0,886000000,316000000,2930000000,6632000000,-20000000,0,20000000,742000000,1587000000,845000000,-39000000,806000000,26000000,832000000,123000000,709000000,0,0,709000000,0,709000000,0.44,0.44,1620000000,1626000000
2025-06-28,AMD,USD,0000002488,2025-08-06,2025-08-05 18:08:21,2025,Q2,7685000000,4626000000,3059000000,1894000000,0,0,991000000,308000000,3193000000,7819000000,-38000000,0,38000000,757000000,721000000,-36000000,-98000000,-134000000,68000000,-66000000,-834000000,768000000,104000000,0,872000000,0,872000000,0.54,0.54,1623000000,1630000000
2025-09-27,AMD,USD,0000002488,2025-11-05,2025-11-04 18:07:50,2025,Q3,9246000000,4466000000,4780000000,2139000000,0,0,1069000000,302000000,3510000000,7976000000,-37000000,0,37000000,754000000,2116000000,1362000000,-92000000,1270000000,55000000,1325000000,153000000,1172000000,71000000,0,1243000000,0,1243000000,0.76,0.75,1626000000,1641000000
