[
  {
    "date": "2025-12-27",
    "symbol": "AMD",
    "reportedCurrency": "USD",
    "cik": "0000002488",
    "filingDate": "2026-02-04",
    "acceptedDate": "2026-02-03 18:14:52",
    "fiscalYear": "2025",
    "period": "Q4",
    "revenue": 10270000000,
    "costOfRevenue": 4693000000,
    "grossProfit": 5577000000,
    "researchAndDevelopmentExpenses": 2330000000,
    "generalAndAdministrativeExpenses": 0,
    "sellingAndMarketingExpenses": 0,
    "sellingGeneralAndAdministrativeExpenses": 1198000000,
    "otherExpenses": 297000000,
    "operatingExpenses": 3825000000,
    "costAndExpenses": 8518000000,
    "netInterestIncome": -36000000,
    "interestIncome": 0,
    "interestExpense": 36000000,
    "depreciationAndAmortization": 751000000,
    "ebitda": 2861000000,
    "ebit": 2110000000,
    "nonOperatingIncomeExcludingInterest": -357000000,
    "operatingIncome": 1753000000,
    "totalOtherIncomeExpensesNet": 322000000,
    "incomeBeforeTax": 2075000000,
    "incomeTaxExpense": 455000000,
    "netIncomeFromContinuingOperations": 1620000000,
    "netIncomeFromDiscontinuedOperations": -109000000,
    "otherAdjustmentsToNetIncome": 0,
    "netIncome": 1511000000,
    "netIncomeDeductions": 0,
    "bottomLineNetIncome": 1511000000,
    "eps": 0.93,
    "epsDiluted": 0.92,
    "weightedAverageShsOut": 1630000000,
    "weightedAverageShsOutDil": 1649000000
  },
  {
    "date": "2025-09-27",
    "symbol": "AMD",
    "reportedCurrency": "USD",
    "cik": "0000002488",
    "filingDate": "2025-11-05",
    "acceptedDate": "2025-11-04 18:07:50",
    "fiscalYear": "2025",
    "period": "Q3",
    "revenue": 9246000000,
    "costOfRevenue": 4466000000,
    "grossProfit": 4780000000,
    "researchAndDevelopmentExpenses": 2139000000,
    "generalAndAdministrativeExpenses": 0,
    "sellingAndMarketingExpenses": 0,
    "sellingGeneralAndAdministrativeExpenses": 1069000000,
    "otherExpenses": 302000000,
    "operatingExpenses": 3510000000,
    "costAndExpenses": 7976000000,
    "netInterestIncome": -37000000,
    "interestIncome": 0,
    "interestExpense": 37000000,
    "depreciationAndAmortization": 754000000,
    "ebitda": 2116000000,
    "ebit": 1362000000,
    "nonOperatingIncomeExcludingInterest": -92000000,
    "operatingIncome": 1270000000,
    "totalOtherIncomeExpensesNet": 55000000,
    "incomeBeforeTax": 1325000000,
    "incomeTaxExpense": 153000000,
    "netIncomeFromContinuingOperations": 1172000000,
    "netIncomeFromDiscontinuedOperations": 71000000,
    "otherAdjustmentsToNetIncome": 0,
    "netIncome": 1243000000,
    "netIncomeDeductions": 0,
    "bottomLineNetIncome": 1243000000,
    "eps": 0.76,
    "epsDiluted": 0.76,
    "weightedAverageShsOut": 1626000000,
    "weightedAverageShsOutDil": 1641000000
  },
  {
    "date": "2025-06-28",
    "symbol": "AMD",
    "reportedCurrency": "USD",
    "cik": "0000002488",
    "filingDate": "2025-08-06",
    "acceptedDate": "2025-08-05 18:08:21",
    "fiscalYear": "2025",
    "period": "Q2",
    "revenue": 7685000000,
    "costOfRevenue": 4626000000,
    "grossProfit": 3059000000,
    "researchAndDevelopmentExpenses": 1894000000,
    "generalAndAdministrativeExpenses": 0,
    "sellingAndMarketingExpenses": 0,
    "sellingGeneralAndAdministrativeExpenses": 991000000,
    "otherExpenses": 308000000,
    "operatingExpenses": 3193000000,
    "costAndExpenses": 7819000000,
    "netInterestIncome": -38000000,
    "interestIncome": 0,
    "interestExpense": 38000000,
    "depreciationAndAmortization": 757000000,
    "ebitda": 721000000,
    "ebit": -36000000,
    "nonOperatingIncomeExcludingInterest": -98000000,
    "operatingIncome": -134000000,
    "totalOtherIncomeExpensesNet": 68000000,
    "incomeBeforeTax": -66000000,
    "incomeTaxExpense": -834000000,
    "netIncomeFromContinuingOperations": 768000000,
    "netIncomeFromDiscontinuedOperations": 104000000,
    "otherAdjustmentsToNetIncome": 0,
    "netIncome": 872000000,
    "netIncomeDeductions": 0,
    "bottomLineNetIncome": 872000000,
    "eps": 0.54,
    "epsDiluted": 0.54,
    "weightedAverageShsOut": 1623000000,
    "weightedAverageShsOutDil": 1630000000
  },
  {
    "date": "2025-03-29",
    "symbol": "AMD",
    "reportedCurrency": "USD",
    "cik": "0000002488",
    "filingDate": "2025-05-07",
    "acceptedDate": "2025-05-06 18:04:48",
    "fiscalYear": "2025",
    "period": "Q1",
    "revenue": 7438000000,
    "costOfRevenue": 3702000000,
    "grossProfit": 3736000000,
    "researchAndDevelopmentExpenses": 1728000000,
    "generalAndAdministrativeExpenses": 0,
    "sellingAndMarketingExpenses": 0,
    "sellingGeneralAndAdministrativeExpenses": 886000000,
    "otherExpenses": 316000000,
    "operatingExpenses": 2930000000,
    "costAndExpenses": 6632000000,
    "netInterestIncome": -20000000,
    "interestIncome": 0,
    "interestExpense": 20000000,
    "depreciationAndAmortization": 742000000,
    "ebitda": 1587000000,
    "ebit": 845000000,
    "nonOperatingIncomeExcludingInterest": -39000000,
    "operatingIncome": 806000000,
    "totalOtherIncomeExpensesNet": 26000000,
    "incomeBeforeTax": 832000000,
    "incomeTaxExpense": 123000000,
    "netIncomeFromContinuingOperations": 709000000,
    "netIncomeFromDiscontinuedOperations": 0,
    "otherAdjustmentsToNetIncome": 0,
    "netIncome": 709000000,
    "netIncomeDeductions": 0,
    "bottomLineNetIncome": 709000000,
    "eps": 0.44,
    "epsDiluted": 0.44,
    "weightedAverageShsOut": 1620000000,
    "weightedAverageShsOutDil": 1626000000
  },
  {
    "date": "2024-12-28",
    "symbol": "AMD",
    "reportedCurrency": "USD",
    "cik": "0000002488",
    "filingDate": "2025-02-05",
    "acceptedDate": "2025-02-05 16:42:57",
    "fiscalYear": "2024",
    "period": "Q4",
    "revenue": 7658000000,
    "costOfRevenue": 3776000000,
    "grossProfit": 3882000000,
    "researchAndDevelopmentExpenses": 1712000000,
    "generalAndAdministrativeExpenses": -408000000,
    "sellingAndMarketingExpenses": 1200000000,
    "sellingGeneralAndAdministrativeExpenses": 792000000,
    "otherExpenses": 507000000,
    "operatingExpenses": 3011000000,
    "costAndExpenses": 6787000000,
    "netInterestIncome": -19000000,
    "interestIncome": 0,
    "interestExpense": 19000000,
    "depreciationAndAmortization": 786000000,
    "ebitda": 1694000000,
    "ebit": 908000000,
    "nonOperatingIncomeExcludingInterest": -37000000,
    "operatingIncome": 871000000,
    "totalOtherIncomeExpensesNet": 30000000,
    "incomeBeforeTax": 901000000,
    "incomeTaxExpense": 419000000,
    "netIncomeFromContinuingOperations": 482000000,
    "netIncomeFromDiscontinuedOperations": 0,
    "otherAdjustmentsToNetIncome": 0,
    "netIncome": 482000000,
    "netIncomeDeductions": 0,
    "bottomLineNetIncome": 482000000,
    "eps": 0.3,
    "epsDiluted": 0.3,
    "weightedAverageShsOut": 1623000000,
    "weightedAverageShsOutDil": 1634000000
  },
  {
    "date": "2024-09-28",
    "symbol": "AMD",
    "reportedCurrency": "USD",
    "cik": "0000002488",
    "filingDate": "2024-10-30",
    "acceptedDate": "2024-10-30 16:26:03",
    "fiscalYear": "2024",
    "period": "Q3",
    "revenue": 6819000000,
    "costOfRevenue": 3400000000,
    "grossProfit": 3419000000,
    "researchAndDevelopmentExpenses": 1636000000,
    "generalAndAdministrativeExpenses": 0,
    "sellingAndMarketingExpenses": 0,
    "sellingGeneralAndAdministrativeExpenses": 721000000,
    "otherExpenses": 338000000,
    "operatingExpenses": 2695000000,
    "costAndExpenses": 6095000000,
    "netInterestIncome": -23000000,
    "interestIncome": 0,
    "interestExpense": 23000000,
    "depreciationAndAmortization": 838000000,
    "ebitda": 1598000000,
    "ebit": 760000000,
    "nonOperatingIncomeExcludingInterest": -36000000,
    "operatingIncome": 724000000,
    "totalOtherIncomeExpensesNet": 20000000,
    "incomeBeforeTax": 744000000,
    "incomeTaxExpense": -27000000,
    "netIncomeFromContinuingOperations": 771000000,
    "netIncomeFromDiscontinuedOperations": 0,
    "otherAdjustmentsToNetIncome": 0,
    "netIncome": 771000000,
    "netIncomeDeductions": 0,
    "bottomLineNetIncome": 771000000,
    "eps": 0.48,
    "epsDiluted": 0.47,
    "weightedAverageShsOut": 1620000000,
    "weightedAverageShsOutDil": 1636000000
  },
  {
    "date": "2024-06-29",
    "symbol": "AMD",
    "reportedCurrency": "USD",
    "cik": "0000002488",
    "filingDate": "2024-07-31",
    "acceptedDate": "2024-07-31 16:20:22",
    "fiscalYear": "2024",
    "period": "Q2",
    "revenue": 5835000000,
    "costOfRevenue": 2971000000,
    "grossProfit": 2864000000,
    "researchAndDevelopmentExpenses": 1583000000,
    "generalAndAdministrativeExpenses": 0,
    "sellingAndMarketingExpenses": 0,
    "sellingGeneralAndAdministrativeExpenses": 640000000,
    "otherExpenses": 372000000,
    "operatingExpenses": 2595000000,
    "costAndExpenses": 5566000000,
    "netInterestIncome": -25000000,
    "interestIncome": 0,
    "interestExpense": 25000000,
    "depreciationAndAmortization": 769000000,
    "ebitda": 1093000000,
    "ebit": 324000000,
    "nonOperatingIncomeExcludingInterest": -55000000,
    "operatingIncome": 269000000,
    "totalOtherIncomeExpensesNet": 37000000,
    "incomeBeforeTax": 306000000,
    "incomeTaxExpense": 41000000,
    "netIncomeFromContinuingOperations": 265000000,
    "netIncomeFromDiscontinuedOperations": 0,
    "otherAdjustmentsToNetIncome": 0,
    "netIncome": 265000000,
    "netIncomeDeductions": 0,
    "bottomLineNetIncome": 265000000,
    "eps": 0.16,
    "epsDiluted": 0.16,
    "weightedAverageShsOut": 1618000000,
    "weightedAverageShsOutDil": 1637000000
  },
  {
    "date": "2024-03-30",
    "symbol": "AMD",
    "reportedCurrency": "USD",
    "cik": "0000002488",
    "filingDate": "2024-05-01",
    "acceptedDate": "2024-05-01 16:10:44",
    "fiscalYear": "2024",
    "period": "Q1",
    "revenue": 5473000000,
    "costOfRevenue": 2913000000,
    "grossProfit": 2560000000,
    "researchAndDevelopmentExpenses": 1525000000,
    "generalAndAdministrativeExpenses": 0,
    "sellingAndMarketingExpenses": 0,
    "sellingGeneralAndAdministrativeExpenses": 607000000,
    "otherExpenses": 392000000,
    "operatingExpenses": 2524000000,
    "costAndExpenses": 5437000000,
    "netInterestIncome": -25000000,
    "interestIncome": 0,
    "interestExpense": 25000000,
    "depreciationAndAmortization": 784000000,
    "ebitda": 873000000,
    "ebit": 89000000,
    "nonOperatingIncomeExcludingInterest": -53000000,
    "operatingIncome": 36000000,
    "totalOtherIncomeExpensesNet": 35000000,
    "incomeBeforeTax": 71000000,
    "incomeTaxExpense": -52000000,
    "netIncomeFromContinuingOperations": 123000000,
    "netIncomeFromDiscontinuedOperations": 0,
    "otherAdjustmentsToNetIncome": 0,
    "netIncome": 123000000,
    "netIncomeDeductions": 0,
    "bottomLineNetIncome": 123000000,
    "eps": 0.0761,
    "epsDiluted": 0.075,
    "weightedAverageShsOut": 1617000000,
    "weightedAverageShsOutDil": 1639000000
  },
  {
    "date": "2023-12-30",
    "symbol": "AMD",
    "reportedCurrency": "USD",
    "cik": "0000002488",
    "filingDate": "2024-01-31",
    "acceptedDate": "2024-01-31 17:16:39",
    "fiscalYear": "2023",
    "period": "Q4",
    "revenue": 6168000000,
    "costOfRevenue": 3257000000,
    "grossProfit": 2911000000,
    "researchAndDevelopmentExpenses": 1511000000,
    "generalAndAdministrativeExpenses": 0,
    "sellingAndMarketingExpenses": 0,
    "sellingGeneralAndAdministrativeExpenses": 644000000,
    "otherExpenses": 414000000,
    "operatingExpenses": 2569000000,
    "costAndExpenses": 5826000000,
    "netInterestIncome": -27000000,
    "interestIncome": 0,
    "interestExpense": 27000000,
    "depreciationAndAmortization": 824000000,
    "ebitda": 1215000000,
    "ebit": 391000000,
    "nonOperatingIncomeExcludingInterest": -49000000,
    "operatingIncome": 342000000,
    "totalOtherIncomeExpensesNet": 28000000,
    "incomeBeforeTax": 370000000,
    "incomeTaxExpense": -297000000,
    "netIncomeFromContinuingOperations": 667000000,
    "netIncomeFromDiscontinuedOperations": 0,
    "otherAdjustmentsToNetIncome": 0,
    "netIncome": 667000000,
    "netIncomeDeductions": 0,
    "bottomLineNetIncome": 667000000,
    "eps": 0.41,
    "epsDiluted": 0.41,
    "weightedAverageShsOut": 1616000000,
    "weightedAverageShsOutDil": 1628000000
  },
  {
    "date": "2023-09-30",
    "symbol": "AMD",
    "reportedCurrency": "USD",
    "cik": "0000002488",
    "filingDate": "2023-11-01",
    "acceptedDate": "2023-11-01 16:20:28",
    "fiscalYear": "2023",
    "period": "Q3",
    "revenue": 5800000000,
    "costOfRevenue": 3053000000,
    "grossProfit": 2747000000,
    "researchAndDevelopmentExpenses": 1507000000,
    "generalAndAdministrativeExpenses": 0,
    "sellingAndMarketingExpenses": 0,
    "sellingGeneralAndAdministrativeExpenses": 576000000,
    "otherExpenses": 440000000,
    "operatingExpenses": 2523000000,
    "costAndExpenses": 5576000000,
    "netInterestIncome": -26000000,
    "interestIncome": 0,
    "interestExpense": 26000000,
    "depreciationAndAmortization": 848000000,
    "ebitda": 1131000000,
    "ebit": 283000000,
    "nonOperatingIncomeExcludingInterest": -59000000,
    "operatingIncome": 224000000,
    "totalOtherIncomeExpensesNet": 36000000,
    "incomeBeforeTax": 260000000,
    "incomeTaxExpense": -39000000,
    "netIncomeFromContinuingOperations": 299000000,
    "netIncomeFromDiscontinuedOperations": 0,
    "otherAdjustmentsToNetIncome": 0,
    "netIncome": 299000000,
    "netIncomeDeductions": 0,
    "bottomLineNetIncome": 299000000,
    "eps": 0.18,
    "epsDiluted": 0.18,
    "weightedAverageShsOut": 1616000000,
    "weightedAverageShsOutDil": 1629000000
  },
  {
    "date": "2023-07-01",
    "symbol": "AMD",
    "reportedCurrency": "USD",
    "cik": "0000002488",
    "filingDate": "2023-08-02",
    "acceptedDate": "2023-08-02 17:12:01",
    "fiscalYear": "2023",
    "period": "Q2",
    "revenue": 5359000000,
    "costOfRevenue": 2916000000,
    "grossProfit": 2443000000,
    "researchAndDevelopmentExpenses": 1443000000,
    "generalAndAdministrativeExpenses": 0,
    "sellingAndMarketingExpenses": 0,
    "sellingGeneralAndAdministrativeExpenses": 547000000,
    "otherExpenses": 473000000,
    "operatingExpenses": 2463000000,
    "costAndExpenses": 5379000000,
    "netInterestIncome": -28000000,
    "interestIncome": 0,
    "interestExpense": 28000000,
    "depreciationAndAmortization": 873000000,
    "ebitda": 899000000,
    "ebit": 26000000,
    "nonOperatingIncomeExcludingInterest": -46000000,
    "operatingIncome": -20000000,
    "totalOtherIncomeExpensesNet": 24000000,
    "incomeBeforeTax": 4000000,
    "incomeTaxExpense": -23000000,
    "netIncomeFromContinuingOperations": 27000000,
    "netIncomeFromDiscontinuedOperations": 0,
    "otherAdjustmentsToNetIncome": 0,
    "netIncome": 27000000,
    "netIncomeDeductions": 0,
    "bottomLineNetIncome": 27000000,
    "eps": 0.0167,
    "epsDiluted": 0.0166,
    "weightedAverageShsOut": 1612000000,
    "weightedAverageShsOutDil": 1627000000
  },
  {
    "date": "2023-04-01",
    "symbol": "AMD",
    "reportedCurrency": "USD",
    "cik": "0000002488",
    "filingDate": "2023-05-03",
    "acceptedDate": "2023-05-03 16:28:42",
    "fiscalYear": "2023",
    "period": "Q1",
    "revenue": 5353000000,
    "costOfRevenue": 2994000000,
    "grossProfit": 2359000000,
    "researchAndDevelopmentExpenses": 1411000000,
    "generalAndAdministrativeExpenses": 0,
    "sellingAndMarketingExpenses": 0,
    "sellingGeneralAndAdministrativeExpenses": 585000000,
    "otherExpenses": 508000000,
    "operatingExpenses": 2504000000,
    "costAndExpenses": 5498000000,
    "netInterestIncome": -25000000,
    "interestIncome": 0,
    "interestExpense": 25000000,
    "depreciationAndAmortization": 1006000000,
    "ebitda": 904000000,
    "ebit": -102000000,
    "nonOperatingIncomeExcludingInterest": -43000000,
    "operatingIncome": -145000000,
    "totalOtherIncomeExpensesNet": 19000000,
    "incomeBeforeTax": -126000000,
    "incomeTaxExpense": 13000000,
    "netIncomeFromContinuingOperations": -139000000,
    "netIncomeFromDiscontinuedOperations": 0,
    "otherAdjustmentsToNetIncome": 0,
    "netIncome": -139000000,
    "netIncomeDeductions": 0,
    "bottomLineNetIncome": -139000000,
    "eps": -0.09,
    "epsDiluted": -0.09,
    "weightedAverageShsOut": 1611000000,
    "weightedAverageShsOutDil": 1611000000
  },
  {
    "date": "2022-12-31",
    "symbol": "AMD",
    "reportedCurrency": "USD",
    "cik": "0000002488",
    "filingDate": "2023-02-27",
    "acceptedDate": "2023-02-27 16:20:39",
    "fiscalYear": "2022",
    "period": "Q4",
    "revenue": 5599000000,
    "costOfRevenue": 3196000000,
    "grossProfit": 2403000000,
    "researchAndDevelopmentExpenses": 1366000000,
    "generalAndAdministrativeExpenses": 0,
    "sellingAndMarketingExpenses": 0,
    "sellingGeneralAndAdministrativeExpenses": 590000000,
    "otherExpenses": 596000000,
    "operatingExpenses": 2552000000,
    "costAndExpenses": 5748000000,
    "netInterestIncome": -19000000,
    "interestIncome": 0,
    "interestExpense": 19000000,
    "depreciationAndAmortization": 1245000000,
    "ebitda": 1128000000,
    "ebit": -117000000,
    "nonOperatingIncomeExcludingInterest": -32000000,
    "operatingIncome": -149000000,
    "totalOtherIncomeExpensesNet": 16000000,
    "incomeBeforeTax": -133000000,
    "incomeTaxExpense": -154000000,
    "netIncomeFromContinuingOperations": 21000000,
    "netIncomeFromDiscontinuedOperations": 0,
    "otherAdjustmentsToNetIncome": 0,
    "netIncome": 21000000,
    "netIncomeDeductions": 0,
    "bottomLineNetIncome": 21000000,
    "eps": 0.013,
    "epsDiluted": 0.013,
    "weightedAverageShsOut": 1613000000,
    "weightedAverageShsOutDil": 1618000000
  },
  {
    "date": "2022-09-24",
    "symbol": "AMD",
    "reportedCurrency": "USD",
    "cik": "0000002488",
    "filingDate": "2022-11-02",
    "acceptedDate": "2022-11-02 16:35:10",
    "fiscalYear": "2022",
    "period": "Q3",
    "revenue": 5565000000,
    "costOfRevenue": 3211000000,
    "grossProfit": 2354000000,
    "researchAndDevelopmentExpenses": 1279000000,
    "generalAndAdministrativeExpenses": 0,
    "sellingAndMarketingExpenses": 0,
    "sellingGeneralAndAdministrativeExpenses": 557000000,
    "otherExpenses": 582000000,
    "operatingExpenses": 2418000000,
    "costAndExpenses": 5629000000,
    "netInterestIncome": -31000000,
    "interestIncome": 0,
    "interestExpense": 31000000,
    "depreciationAndAmortization": 1188000000,
    "ebitda": 1146000000,
    "ebit": -42000000,
    "nonOperatingIncomeExcludingInterest": -22000000,
    "operatingIncome": -64000000,
    "totalOtherIncomeExpensesNet": -5000000,
    "incomeBeforeTax": -69000000,
    "incomeTaxExpense": -135000000,
    "netIncomeFromContinuingOperations": 66000000,
    "netIncomeFromDiscontinuedOperations": 0,
    "otherAdjustmentsToNetIncome": 0,
    "netIncome": 66000000,
    "netIncomeDeductions": 0,
    "bottomLineNetIncome": 66000000,
    "eps": 0.0409,
    "epsDiluted": 0.0406,
    "weightedAverageShsOut": 1615000000,
    "weightedAverageShsOutDil": 1625000000
  },
  {
    "date": "2022-06-25",
    "symbol": "AMD",
    "reportedCurrency": "USD",
    "cik": "0000002488",
    "filingDate": "2022-08-03",
    "acceptedDate": "2022-08-03 17:15:57",
    "fiscalYear": "2022",
    "period": "Q2",
    "revenue": 6550000000,
    "costOfRevenue": 3522000000,
    "grossProfit": 3028000000,
    "researchAndDevelopmentExpenses": 1300000000,
    "generalAndAdministrativeExpenses": 0,
    "sellingAndMarketingExpenses": 0,
    "sellingGeneralAndAdministrativeExpenses": 592000000,
    "otherExpenses": 610000000,
    "operatingExpenses": 2502000000,
    "costAndExpenses": 6024000000,
    "netInterestIncome": -25000000,
    "interestIncome": 0,
    "interestExpense": 25000000,
    "depreciationAndAmortization": 1201000000,
    "ebitda": 1723000000,
    "ebit": 522000000,
    "nonOperatingIncomeExcludingInterest": 4000000,
    "operatingIncome": 526000000,
    "totalOtherIncomeExpensesNet": -25000000,
    "incomeBeforeTax": 501000000,
    "incomeTaxExpense": 54000000,
    "netIncomeFromContinuingOperations": 447000000,
    "netIncomeFromDiscontinuedOperations": 0,
    "otherAdjustmentsToNetIncome": 0,
    "netIncome": 447000000,
    "netIncomeDeductions": 0,
    "bottomLineNetIncome": 447000000,
    "eps": 0.28,
    "epsDiluted": 0.27,
    "weightedAverageShsOut": 1618000000,
    "weightedAverageShsOutDil": 1632000000
  },
  {
    "date": "2022-03-26",
    "symbol": "AMD",
    "reportedCurrency": "USD",
    "cik": "0000002488",
    "filingDate": "2022-05-04",
    "acceptedDate": "2022-05-04 16:50:40",
    "fiscalYear": "2022",
    "period": "Q1",
    "revenue": 5887000000,
    "costOfRevenue": 3069000000,
    "grossProfit": 2818000000,
    "researchAndDevelopmentExpenses": 1060000000,
    "generalAndAdministrativeExpenses": 0,
    "sellingAndMarketingExpenses": 0,
    "sellingGeneralAndAdministrativeExpenses": 597000000,
    "otherExpenses": 210000000,
    "operatingExpenses": 1867000000,
    "costAndExpenses": 4936000000,
    "netInterestIncome": -13000000,
    "interestIncome": 0,
    "interestExpense": 13000000,
    "depreciationAndAmortization": 628000000,
    "ebitda": 1537000000,
    "ebit": 909000000,
    "nonOperatingIncomeExcludingInterest": 42000000,
    "operatingIncome": 951000000,
    "totalOtherIncomeExpensesNet": -52000000,
    "incomeBeforeTax": 899000000,
    "incomeTaxExpense": 113000000,
    "netIncomeFromContinuingOperations": 786000000,
    "netIncomeFromDiscontinuedOperations": 0,
    "otherAdjustmentsToNetIncome": 0,
    "netIncome": 786000000,
    "netIncomeDeductions": 0,
    "bottomLineNetIncome": 786000000,
    "eps": 0.56,
    "epsDiluted": 0.56,
    "weightedAverageShsOut": 1393000000,
    "weightedAverageShsOutDil": 1410000000
  },
  {
    "date": "2021-12-25",
    "symbol": "AMD",
    "reportedCurrency": "USD",
    "cik": "0000002488",
    "filingDate": "2022-02-03",
    "acceptedDate": "2022-02-03 17:22:50",
    "fiscalYear": "2021",
    "period": "Q4",
    "revenue": 4826000000,
    "costOfRevenue": 2400000000,
    "grossProfit": 2426000000,
    "researchAndDevelopmentExpenses": 811000000,
    "generalAndAdministrativeExpenses": 0,
    "sellingAndMarketingExpenses": 0,
    "sellingGeneralAndAdministrativeExpenses": 412000000,
    "otherExpenses": -4000000,
    "operatingExpenses": 1219000000,
    "costAndExpenses": 3619000000,
    "netInterestIncome": -8000000,
    "interestIncome": 0,
    "interestExpense": 8000000,
    "depreciationAndAmortization": 134000000,
    "ebitda": 1345000000,
    "ebit": 1211000000,
    "nonOperatingIncomeExcludingInterest": -4000000,
    "operatingIncome": 1207000000,
    "totalOtherIncomeExpensesNet": -4000000,
    "incomeBeforeTax": 1203000000,
    "incomeTaxExpense": 229000000,
    "netIncomeFromContinuingOperations": 974000000,
    "netIncomeFromDiscontinuedOperations": 0,
    "otherAdjustmentsToNetIncome": 0,
    "netIncome": 974000000,
    "netIncomeDeductions": 0,
    "bottomLineNetIncome": 974000000,
    "eps": 0.81,
    "epsDiluted": 0.8,
    "weightedAverageShsOut": 1208000000,
    "weightedAverageShsOutDil": 1222000000
  },
  {
    "date": "2021-09-25",
    "symbol": "AMD",
    "reportedCurrency": "USD",
    "cik": "0000002488",
    "filingDate": "2021-10-27",
    "acceptedDate": "2021-10-27 16:37:56",
    "fiscalYear": "2021",
    "period": "Q3",
    "revenue": 4313000000,
    "costOfRevenue": 2227000000,
    "grossProfit": 2086000000,
    "researchAndDevelopmentExpenses": 765000000,
    "generalAndAdministrativeExpenses": 0,
    "sellingAndMarketingExpenses": 0,
    "sellingGeneralAndAdministrativeExpenses": 376000000,
    "otherExpenses": -3000000,
    "operatingExpenses": 1138000000,
    "costAndExpenses": 3365000000,
    "netInterestIncome": -7000000,
    "interestIncome": 0,
    "interestExpense": 7000000,
    "depreciationAndAmortization": 112000000,
    "ebitda": 1122000000,
    "ebit": 1010000000,
    "nonOperatingIncomeExcludingInterest": -62000000,
    "operatingIncome": 948000000,
    "totalOtherIncomeExpensesNet": 57000000,
    "incomeBeforeTax": 1005000000,
    "incomeTaxExpense": 82000000,
    "netIncomeFromContinuingOperations": 923000000,
    "netIncomeFromDiscontinuedOperations": 0,
    "otherAdjustmentsToNetIncome": 0,
    "netIncome": 923000000,
    "netIncomeDeductions": 0,
    "bottomLineNetIncome": 923000000,
    "eps": 0.76,
    "epsDiluted": 0.75,
    "weightedAverageShsOut": 1214000000,
    "weightedAverageShsOutDil": 1230000000
  },
  {
    "date": "2021-06-26",
    "symbol": "AMD",
    "reportedCurrency": "USD",
    "cik": "0000002488",
    "filingDate": "2021-07-28",
    "acceptedDate": "2021-07-28 16:46:31",
    "fiscalYear": "2021",
    "period": "Q2",
    "revenue": 3850000000,
    "costOfRevenue": 2020000000,
    "grossProfit": 1830000000,
    "researchAndDevelopmentExpenses": 659000000,
    "generalAndAdministrativeExpenses": 0,
    "sellingAndMarketingExpenses": 0,
    "sellingGeneralAndAdministrativeExpenses": 341000000,
    "otherExpenses": -1000000,
    "operatingExpenses": 999000000,
    "costAndExpenses": 3019000000,
    "netInterestIncome": -10000000,
    "interestIncome": 0,
    "interestExpense": 10000000,
    "depreciationAndAmortization": 110000000,
    "ebitda": 941000000,
    "ebit": 831000000,
    "nonOperatingIncomeExcludingInterest": 0,
    "operatingIncome": 831000000,
    "totalOtherIncomeExpensesNet": -8000000,
    "incomeBeforeTax": 823000000,
    "incomeTaxExpense": 113000000,
    "netIncomeFromContinuingOperations": 710000000,
    "netIncomeFromDiscontinuedOperations": 0,
    "otherAdjustmentsToNetIncome": 0,
    "netIncome": 710000000,
    "netIncomeDeductions": 0,
    "bottomLineNetIncome": 710000000,
    "eps": 0.58,
    "epsDiluted": 0.58,
    "weightedAverageShsOut": 1216000000,
    "weightedAverageShsOutDil": 1232000000
  },
  {
    "date": "2021-03-27",
    "symbol": "AMD",
    "reportedCurrency": "USD",
    "cik": "0000002488",
    "filingDate": "2021-04-28",
    "acceptedDate": "2021-04-28 16:39:55",
    "fiscalYear": "2021",
    "period": "Q1",
    "revenue": 3445000000,
    "costOfRevenue": 1858000000,
    "grossProfit": 1587000000,
    "researchAndDevelopmentExpenses": 610000000,
    "generalAndAdministrativeExpenses": 0,
    "sellingAndMarketingExpenses": 0,
    "sellingGeneralAndAdministrativeExpenses": 319000000,
    "otherExpenses": -4000000,
    "operatingExpenses": 925000000,
    "costAndExpenses": 2783000000,
    "netInterestIncome": -9000000,
    "interestIncome": 0,
    "interestExpense": 9000000,
    "depreciationAndAmortization": 107000000,
    "ebitda": 758000000,
    "ebit": 651000000,
    "nonOperatingIncomeExcludingInterest": 11000000,
    "operatingIncome": 662000000,
    "totalOtherIncomeExpensesNet": -18000000,
    "incomeBeforeTax": 644000000,
    "incomeTaxExpense": 89000000,
    "netIncomeFromContinuingOperations": 555000000,
    "netIncomeFromDiscontinuedOperations": 0,
    "otherAdjustmentsToNetIncome": 0,
    "netIncome": 555000000,
    "netIncomeDeductions": 0,
    "bottomLineNetIncome": 555000000,
    "eps": 0.46,
    "epsDiluted": 0.45,
    "weightedAverageShsOut": 1213000000,
    "weightedAverageShsOutDil": 1231000000
  },
  {
    "date": "2020-12-26",
    "symbol": "AMD",
    "reportedCurrency": "USD",
    "cik": "0000002488",
    "filingDate": "2021-01-29",
    "acceptedDate": "2021-01-29 17:24:00",
    "fiscalYear": "2020",
    "period": "Q4",
    "revenue": 3244000000,
    "costOfRevenue": 1793000000,
    "grossProfit": 1451000000,
    "researchAndDevelopmentExpenses": 573000000,
    "generalAndAdministrativeExpenses": 0,
    "sellingAndMarketingExpenses": 0,
    "sellingGeneralAndAdministrativeExpenses": 308000000,
    "otherExpenses": 0,
    "operatingExpenses": 881000000,
    "costAndExpenses": 2674000000,
    "netInterestIncome": -9000000,
    "interestIncome": 0,
    "interestExpense": 9000000,
    "depreciationAndAmortization": 101000000,
    "ebitda": 656000000,
    "ebit": 555000000,
    "nonOperatingIncomeExcludingInterest": 15000000,
    "operatingIncome": 570000000,
    "totalOtherIncomeExpensesNet": -21000000,
    "incomeBeforeTax": 549000000,
    "incomeTaxExpense": -1232000000,
    "netIncomeFromContinuingOperations": 1781000000,
    "netIncomeFromDiscontinuedOperations": 0,
    "otherAdjustmentsToNetIncome": 0,
    "netIncome": 1781000000,
    "netIncomeDeductions": -1000000,
    "bottomLineNetIncome": 1782000000,
    "eps": 1.48,
    "epsDiluted": 1.45,
    "weightedAverageShsOut": 1205000000,
    "weightedAverageShsOutDil": 1226000000
  },
  {
    "date": "2020-09-26",
    "symbol": "AMD",
    "reportedCurrency": "USD",
    "cik": "0000002488",
    "filingDate": "2020-10-28",
    "acceptedDate": "2020-10-28 16:59:17",
    "fiscalYear": "2020",
    "period": "Q3",
    "revenue": 2801000000,
    "costOfRevenue": 1571000000,
    "grossProfit": 1230000000,
    "researchAndDevelopmentExpenses": 508000000,
    "generalAndAdministrativeExpenses": 0,
    "sellingAndMarketingExpenses": 0,
    "sellingGeneralAndAdministrativeExpenses": 273000000,
    "otherExpenses": 0,
    "operatingExpenses": 781000000,
    "costAndExpenses": 2352000000,
    "netInterestIncome": -11000000,
    "interestIncome": 0,
    "interestExpense": 11000000,
    "depreciationAndAmortization": 93000000,
    "ebitda": 505000000,
    "ebit": 412000000,
    "nonOperatingIncomeExcludingInterest": 37000000,
    "operatingIncome": 449000000,
    "totalOtherIncomeExpensesNet": -47000000,
    "incomeBeforeTax": 402000000,
    "incomeTaxExpense": 12000000,
    "netIncomeFromContinuingOperations": 390000000,
    "netIncomeFromDiscontinuedOperations": 0,
    "otherAdjustmentsToNetIncome": 0,
    "netIncome": 390000000,
    "netIncomeDeductions": -1000000,
    "bottomLineNetIncome": 391000000,
    "eps": 0.33,
    "epsDiluted": 0.32,
    "weightedAverageShsOut": 1184000000,
    "weightedAverageShsOutDil": 1215000000
  },
  {
    "date": "2020-06-27",
    "symbol": "AMD",
    "reportedCurrency": "USD",
    "cik": "0000002488",
    "filingDate": "2020-07-29",
    "acceptedDate": "2020-07-29 16:52:29",
    "fiscalYear": "2020",
    "period": "Q2",
    "revenue": 1932000000,
    "costOfRevenue": 1084000000,
    "grossProfit": 848000000,
    "researchAndDevelopmentExpenses": 460000000,
    "generalAndAdministrativeExpenses": 0,
    "sellingAndMarketingExpenses": 0,
    "sellingGeneralAndAdministrativeExpenses": 215000000,
    "otherExpenses": 0,
    "operatingExpenses": 675000000,
    "costAndExpenses": 1759000000,
    "netInterestIncome": -14000000,
    "interestIncome": 0,
    "interestExpense": 14000000,
    "depreciationAndAmortization": 82000000,
    "ebitda": 256000000,
    "ebit": 174000000,
    "nonOperatingIncomeExcludingInterest": -1000000,
    "operatingIncome": 173000000,
    "totalOtherIncomeExpensesNet": -12000000,
    "incomeBeforeTax": 161000000,
    "incomeTaxExpense": 4000000,
    "netIncomeFromContinuingOperations": 157000000,
    "netIncomeFromDiscontinuedOperations": 0,
    "otherAdjustmentsToNetIncome": 0,
    "netIncome": 157000000,
    "netIncomeDeductions": -3000000,
    "bottomLineNetIncome": 160000000,
    "eps": 0.13,
    "epsDiluted": 0.13,
    "weightedAverageShsOut": 1174000000,
    "weightedAverageShsOutDil": 1227000000
  },
  {
    "date": "2020-03-28",
    "symbol": "AMD",
    "reportedCurrency": "USD",
    "cik": "0000002488",
    "filingDate": "2020-04-29",
    "acceptedDate": "2020-04-29 16:33:04",
    "fiscalYear": "2020",
    "period": "Q1",
    "revenue": 1786000000,
    "costOfRevenue": 968000000,
    "grossProfit": 818000000,
    "researchAndDevelopmentExpenses": 442000000,
    "generalAndAdministrativeExpenses": 0,
    "sellingAndMarketingExpenses": 0,
    "sellingGeneralAndAdministrativeExpenses": 199000000,
    "otherExpenses": 0,
    "operatingExpenses": 641000000,
    "costAndExpenses": 1609000000,
    "netInterestIncome": -13000000,
    "interestIncome": 0,
    "interestExpense": 13000000,
    "depreciationAndAmortization": 78000000,
    "ebitda": 259000000,
    "ebit": 181000000,
    "nonOperatingIncomeExcludingInterest": -4000000,
    "operatingIncome": 177000000,
    "totalOtherIncomeExpensesNet": -9000000,
    "incomeBeforeTax": 168000000,
    "incomeTaxExpense": 6000000,
    "netIncomeFromContinuingOperations": 162000000,
    "netIncomeFromDiscontinuedOperations": 0,
    "otherAdjustmentsToNetIncome": 0,
    "netIncome": 162000000,
    "netIncomeDeductions": -4000000,
    "bottomLineNetIncome": 166000000,
    "eps": 0.14,
    "epsDiluted": 0.14,
    "weightedAverageShsOut": 1170000000,
    "weightedAverageShsOutDil": 1224000000
  },
  {
    "date": "2019-12-28",
    "symbol": "AMD",
    "reportedCurrency": "USD",
    "cik": "0000002488",
    "filingDate": "2020-02-04",
    "acceptedDate": "2020-02-04 17:21:47",
    "fiscalYear": "2019",
    "period": "Q4",
    "revenue": 2127000000,
    "costOfRevenue": 1178000000,
    "grossProfit": 949000000,
    "researchAndDevelopmentExpenses": 395000000,
    "generalAndAdministrativeExpenses": 0,
    "sellingAndMarketingExpenses": 0,
    "sellingGeneralAndAdministrativeExpenses": 206000000,
    "otherExpenses": 0,
    "operatingExpenses": 601000000,
    "costAndExpenses": 1779000000,
    "netInterestIncome": -18000000,
    "interestIncome": 0,
    "interestExpense": 18000000,
    "depreciationAndAmortization": 73000000,
    "ebitda": 296000000,
    "ebit": 223000000,
    "nonOperatingIncomeExcludingInterest": 125000000,
    "operatingIncome": 348000000,
    "totalOtherIncomeExpensesNet": -143000000,
    "incomeBeforeTax": 205000000,
    "incomeTaxExpense": 35000000,
    "netIncomeFromContinuingOperations": 170000000,
    "netIncomeFromDiscontinuedOperations": 0,
    "otherAdjustmentsToNetIncome": 0,
    "netIncome": 170000000,
    "netIncomeDeductions": 0,
    "bottomLineNetIncome": 170000000,
    "eps": 0.15,
    "epsDiluted": 0.15,
    "weightedAverageShsOut": 1140000000,
    "weightedAverageShsOutDil": 1188000000
  },
  {
    "date": "2019-09-28",
    "symbol": "AMD",
    "reportedCurrency": "USD",
    "cik": "0000002488",
    "filingDate": "2019-10-30",
    "acceptedDate": "2019-10-30 16:17:03",
    "fiscalYear": "2019",
    "period": "Q3",
    "revenue": 1801000000,
    "costOfRevenue": 1024000000,
    "grossProfit": 777000000,
    "researchAndDevelopmentExpenses": 406000000,
    "generalAndAdministrativeExpenses": 0,
    "sellingAndMarketingExpenses": 0,
    "sellingGeneralAndAdministrativeExpenses": 185000000,
    "otherExpenses": 0,
    "operatingExpenses": 591000000,
    "costAndExpenses": 1615000000,
    "netInterestIncome": -24000000,
    "interestIncome": 0,
    "interestExpense": 24000000,
    "depreciationAndAmortization": 69000000,
    "ebitda": 219000000,
    "ebit": 150000000,
    "nonOperatingIncomeExcludingInterest": 36000000,
    "operatingIncome": 186000000,
    "totalOtherIncomeExpensesNet": -59000000,
    "incomeBeforeTax": 127000000,
    "incomeTaxExpense": 7000000,
    "netIncomeFromContinuingOperations": 120000000,
    "netIncomeFromDiscontinuedOperations": 0,
    "otherAdjustmentsToNetIncome": 0,
    "netIncome": 120000000,
    "netIncomeDeductions": 0,
    "bottomLineNetIncome": 120000000,
    "eps": 0.11,
    "epsDiluted": 0.11,
    "weightedAverageShsOut": 1097000000,
    "weightedAverageShsOutDil": 1117000000
  },
  {
    "date": "2019-06-29",
    "symbol": "AMD",
    "reportedCurrency": "USD",
    "cik": "0000002488",
    "filingDate": "2019-07-31",
    "acceptedDate": "2019-07-31 16:27:08",
    "fiscalYear": "2019",
    "period": "Q2",
    "revenue": 1531000000,
    "costOfRevenue": 910000000,
    "grossProfit": 621000000,
    "researchAndDevelopmentExpenses": 373000000,
    "generalAndAdministrativeExpenses": 0,
    "sellingAndMarketingExpenses": 0,
    "sellingGeneralAndAdministrativeExpenses": 189000000,
    "otherExpenses": 0,
    "operatingExpenses": 562000000,
    "costAndExpenses": 1472000000,
    "netInterestIncome": -25000000,
    "interestIncome": 0,
    "interestExpense": 25000000,
    "depreciationAndAmortization": 61000000,
    "ebitda": 123000000,
    "ebit": 62000000,
    "nonOperatingIncomeExcludingInterest": -3000000,
    "operatingIncome": 59000000,
    "totalOtherIncomeExpensesNet": -22000000,
    "incomeBeforeTax": 37000000,
    "incomeTaxExpense": 2000000,
    "netIncomeFromContinuingOperations": 35000000,
    "netIncomeFromDiscontinuedOperations": 0,
    "otherAdjustmentsToNetIncome": 0,
    "netIncome": 35000000,
    "netIncomeDeductions": 0,
    "bottomLineNetIncome": 35000000,
    "eps": 0.0323,
    "epsDiluted": 0.0316,
    "weightedAverageShsOut": 1084000000,
    "weightedAverageShsOutDil": 1109000000
  },
  {
    "date": "2019-03-30",
    "symbol": "AMD",
    "reportedCurrency": "USD",
    "cik": "0000002488",
    "filingDate": "2019-05-01",
    "acceptedDate": "2019-05-01 16:36:40",
    "fiscalYear": "2019",
    "period": "Q1",
    "revenue": 1272000000,
    "costOfRevenue": 751000000,
    "grossProfit": 521000000,
    "researchAndDevelopmentExpenses": 373000000,
    "generalAndAdministrativeExpenses": 0,
    "sellingAndMarketingExpenses": 0,
    "sellingGeneralAndAdministrativeExpenses": 170000000,
    "otherExpenses": -60000000,
    "operatingExpenses": 483000000,
    "costAndExpenses": 1234000000,
    "netInterestIncome": -27000000,
    "interestIncome": 0,
    "interestExpense": 27000000,
    "depreciationAndAmortization": 55000000,
    "ebitda": 86000000,
    "ebit": 31000000,
    "nonOperatingIncomeExcludingInterest": 7000000,
    "operatingIncome": 38000000,
    "totalOtherIncomeExpensesNet": -35000000,
    "incomeBeforeTax": 3000000,
    "incomeTaxExpense": -13000000,
    "netIncomeFromContinuingOperations": 16000000,
    "netIncomeFromDiscontinuedOperations": 0,
    "otherAdjustmentsToNetIncome": 0,
    "netIncome": 16000000,
    "netIncomeDeductions": 0,
    "bottomLineNetIncome": 16000000,
    "eps": 0.0153,
    "epsDiluted": 0.0146,
    "weightedAverageShsOut": 1044000000,
    "weightedAverageShsOutDil": 1094000000
  },
  {
    "date": "2018-12-29",
    "symbol": "AMD",
    "reportedCurrency": "USD",
    "cik": "0000002488",
    "filingDate": "2019-02-08",
    "acceptedDate": "2019-02-08 16:44:26",
    "fiscalYear": "2018",
    "period": "Q4",
    "revenue": 1419000000,
    "costOfRevenue": 882000000,
    "grossProfit": 537000000,
    "researchAndDevelopmentExpenses": 371000000,
    "generalAndAdministrativeExpenses": 0,
    "sellingAndMarketingExpenses": 0,
    "sellingGeneralAndAdministrativeExpenses": 138000000,
    "otherExpenses": 0,
    "operatingExpenses": 509000000,
    "costAndExpenses": 1391000000,
    "netInterestIncome": -29000000,
    "interestIncome": 0,
    "interestExpense": 29000000,
    "depreciationAndAmortization": 43000000,
    "ebitda": 75000000,
    "ebit": 32000000,
    "nonOperatingIncomeExcludingInterest": -4000000,
    "operatingIncome": 28000000,
    "totalOtherIncomeExpensesNet": -25000000,
    "incomeBeforeTax": 3000000,
    "incomeTaxExpense": -35000000,
    "netIncomeFromContinuingOperations": 38000000,
    "netIncomeFromDiscontinuedOperations": 0,
    "otherAdjustmentsToNetIncome": 0,
    "netIncome": 38000000,
    "netIncomeDeductions": 0,
    "bottomLineNetIncome": 38000000,
    "eps": 0.0379,
    "epsDiluted": 0.0379,
    "weightedAverageShsOut": 1002000000,
    "weightedAverageShsOutDil": 1079000000
  },
  {
    "date": "2018-09-29",
    "symbol": "AMD",
    "reportedCurrency": "USD",
    "cik": "0000002488",
    "filingDate": "2018-10-31",
    "acceptedDate": "2018-10-31 16:15:18",
    "fiscalYear": "2018",
    "period": "Q3",
    "revenue": 1653000000,
    "costOfRevenue": 992000000,
    "grossProfit": 661000000,
    "researchAndDevelopmentExpenses": 363000000,
    "generalAndAdministrativeExpenses": 0,
    "sellingAndMarketingExpenses": 0,
    "sellingGeneralAndAdministrativeExpenses": 148000000,
    "otherExpenses": 0,
    "operatingExpenses": 511000000,
    "costAndExpenses": 1503000000,
    "netInterestIncome": -30000000,
    "interestIncome": 0,
    "interestExpense": 30000000,
    "depreciationAndAmortization": 41000000,
    "ebitda": 185000000,
    "ebit": 144000000,
    "nonOperatingIncomeExcludingInterest": 6000000,
    "operatingIncome": 150000000,
    "totalOtherIncomeExpensesNet": -36000000,
    "incomeBeforeTax": 114000000,
    "incomeTaxExpense": 12000000,
    "netIncomeFromContinuingOperations": 102000000,
    "netIncomeFromDiscontinuedOperations": 0,
    "otherAdjustmentsToNetIncome": 0,
    "netIncome": 102000000,
    "netIncomeDeductions": 0,
    "bottomLineNetIncome": 102000000,
    "eps": 0.1,
    "epsDiluted": 0.09,
    "weightedAverageShsOut": 987000000,
    "weightedAverageShsOutDil": 1076000000
  },
  {
    "date": "2018-06-30",
    "symbol": "AMD",
    "reportedCurrency": "USD",
    "cik": "0000002488",
    "filingDate": "2018-08-02",
    "acceptedDate": "2018-08-02 16:28:52",
    "fiscalYear": "2018",
    "period": "Q2",
    "revenue": 1756000000,
    "costOfRevenue": 1104000000,
    "grossProfit": 652000000,
    "researchAndDevelopmentExpenses": 357000000,
    "generalAndAdministrativeExpenses": 0,
    "sellingAndMarketingExpenses": 0,
    "sellingGeneralAndAdministrativeExpenses": 142000000,
    "otherExpenses": 0,
    "operatingExpenses": 499000000,
    "costAndExpenses": 1603000000,
    "netInterestIncome": -31000000,
    "interestIncome": 0,
    "interestExpense": 31000000,
    "depreciationAndAmortization": 42000000,
    "ebitda": 196000000,
    "ebit": 154000000,
    "nonOperatingIncomeExcludingInterest": -1000000,
    "operatingIncome": 153000000,
    "totalOtherIncomeExpensesNet": -31000000,
    "incomeBeforeTax": 122000000,
    "incomeTaxExpense": 6000000,
    "netIncomeFromContinuingOperations": 116000000,
    "netIncomeFromDiscontinuedOperations": 0,
    "otherAdjustmentsToNetIncome": 0,
    "netIncome": 116000000,
    "netIncomeDeductions": -11000000,
    "bottomLineNetIncome": 127000000,
    "eps": 0.12,
    "epsDiluted": 0.11,
    "weightedAverageShsOut": 972000000,
    "weightedAverageShsOutDil": 1147000000
  },
  {
    "date": "2018-03-31",
    "symbol": "AMD",
    "reportedCurrency": "USD",
    "cik": "0000002488",
    "filingDate": "2018-05-03",
    "acceptedDate": "2018-05-03 16:45:08",
    "fiscalYear": "2018",
    "period": "Q1",
    "revenue": 1647000000,
    "costOfRevenue": 1050000000,
    "grossProfit": 597000000,
    "researchAndDevelopmentExpenses": 343000000,
    "generalAndAdministrativeExpenses": 0,
    "sellingAndMarketingExpenses": 0,
    "sellingGeneralAndAdministrativeExpenses": 134000000,
    "otherExpenses": 0,
    "operatingExpenses": 477000000,
    "costAndExpenses": 1527000000,
    "netInterestIncome": -31000000,
    "interestIncome": 0,
    "interestExpense": 31000000,
    "depreciationAndAmortization": 44000000,
    "ebitda": 165000000,
    "ebit": 121000000,
    "nonOperatingIncomeExcludingInterest": -1000000,
    "operatingIncome": 120000000,
    "totalOtherIncomeExpensesNet": -31000000,
    "incomeBeforeTax": 89000000,
    "incomeTaxExpense": 8000000,
    "netIncomeFromContinuingOperations": 81000000,
    "netIncomeFromDiscontinuedOperations": 0,
    "otherAdjustmentsToNetIncome": 0,
    "netIncome": 81000000,
    "netIncomeDeductions": 0,
    "bottomLineNetIncome": 81000000,
    "eps": 0.0837,
    "epsDiluted": 0.08,
    "weightedAverageShsOut": 968000000,
    "weightedAverageShsOutDil": 1039000000
  },
  {
    "date": "2017-12-30",
    "symbol": "AMD",
    "reportedCurrency": "USD",
    "cik": "0000002488",
    "filingDate": "2018-02-27",
    "acceptedDate": "2018-02-27 16:18:58",
    "fiscalYear": "2017",
    "period": "Q4",
    "revenue": 1480000000,
    "costOfRevenue": 965000000,
    "grossProfit": 515000000,
    "researchAndDevelopmentExpenses": 300000000,
    "generalAndAdministrativeExpenses": 0,
    "sellingAndMarketingExpenses": 0,
    "sellingGeneralAndAdministrativeExpenses": 133000000,
    "otherExpenses": 0,
    "operatingExpenses": 433000000,
    "costAndExpenses": 1398000000,
    "netInterestIncome": -31000000,
    "interestIncome": 0,
    "interestExpense": 31000000,
    "depreciationAndAmortization": 39000000,
    "ebitda": 123000000,
    "ebit": 84000000,
    "nonOperatingIncomeExcludingInterest": -2000000,
    "operatingIncome": 82000000,
    "totalOtherIncomeExpensesNet": -29000000,
    "incomeBeforeTax": 53000000,
    "incomeTaxExpense": -8000000,
    "netIncomeFromContinuingOperations": 61000000,
    "netIncomeFromDiscontinuedOperations": 0,
    "otherAdjustmentsToNetIncome": 0,
    "netIncome": 61000000,
    "netIncomeDeductions": 0,
    "bottomLineNetIncome": 61000000,
    "eps": -0.02,
    "epsDiluted": -0.02,
    "weightedAverageShsOut": 965000000,
    "weightedAverageShsOutDil": 965000000
  },
  {
    "date": "2017-09-30",
    "symbol": "AMD",
    "reportedCurrency": "USD",
    "cik": "0000002488",
    "filingDate": "2017-11-02",
    "acceptedDate": "2017-11-02 17:00:49",
    "fiscalYear": "2017",
    "period": "Q3",
    "revenue": 1584000000,
    "costOfRevenue": 1013000000,
    "grossProfit": 571000000,
    "researchAndDevelopmentExpenses": 320000000,
    "generalAndAdministrativeExpenses": 0,
    "sellingAndMarketingExpenses": 0,
    "sellingGeneralAndAdministrativeExpenses": 132000000,
    "otherExpenses": 0,
    "operatingExpenses": 452000000,
    "costAndExpenses": 1465000000,
    "netInterestIncome": -31000000,
    "interestIncome": 0,
    "interestExpense": 31000000,
    "depreciationAndAmortization": 36000000,
    "ebitda": 152000000,
    "ebit": 116000000,
    "nonOperatingIncomeExcludingInterest": 3000000,
    "operatingIncome": 119000000,
    "totalOtherIncomeExpensesNet": -36000000,
    "incomeBeforeTax": 83000000,
    "incomeTaxExpense": 22000000,
    "netIncomeFromContinuingOperations": 61000000,
    "netIncomeFromDiscontinuedOperations": 0,
    "otherAdjustmentsToNetIncome": 0,
    "netIncome": 61000000,
    "netIncomeDeductions": 0,
    "bottomLineNetIncome": 61000000,
    "eps": 0.0637,
    "epsDiluted": 0.0595,
    "weightedAverageShsOut": 957000000,
    "weightedAverageShsOutDil": 1042000000
  },
  {
    "date": "2017-07-01",
    "symbol": "AMD",
    "reportedCurrency": "USD",
    "cik": "0000002488",
    "filingDate": "2017-08-03",
    "acceptedDate": "2017-08-03 16:43:29",
    "fiscalYear": "2017",
    "period": "Q2",
    "revenue": 1151000000,
    "costOfRevenue": 765000000,
    "grossProfit": 386000000,
    "researchAndDevelopmentExpenses": 285000000,
    "generalAndAdministrativeExpenses": 0,
    "sellingAndMarketingExpenses": 0,
    "sellingGeneralAndAdministrativeExpenses": 127000000,
    "otherExpenses": -25000000,
    "operatingExpenses": 387000000,
    "costAndExpenses": 1152000000,
    "netInterestIncome": -32000000,
    "interestIncome": 0,
    "interestExpense": 32000000,
    "depreciationAndAmortization": 35000000,
    "ebitda": 31000000,
    "ebit": -4000000,
    "nonOperatingIncomeExcludingInterest": 3000000,
    "operatingIncome": -1000000,
    "totalOtherIncomeExpensesNet": -38000000,
    "incomeBeforeTax": -39000000,
    "incomeTaxExpense": 3000000,
    "netIncomeFromContinuingOperations": -42000000,
    "netIncomeFromDiscontinuedOperations": 0,
    "otherAdjustmentsToNetIncome": 0,
    "netIncome": -42000000,
    "netIncomeDeductions": 0,
    "bottomLineNetIncome": -42000000,
    "eps": -0.0444,
    "epsDiluted": -0.0444,
    "weightedAverageShsOut": 945000000,
    "weightedAverageShsOutDil": 945000000
  },
  {
    "date": "2017-04-01",
    "symbol": "AMD",
    "reportedCurrency": "USD",
    "cik": "0000002488",
    "filingDate": "2017-05-08",
    "acceptedDate": "2017-05-08 16:35:05",
    "fiscalYear": "2017",
    "period": "Q1",
    "revenue": 1178000000,
    "costOfRevenue": 800000000,
    "grossProfit": 378000000,
    "researchAndDevelopmentExpenses": 271000000,
    "generalAndAdministrativeExpenses": 0,
    "sellingAndMarketingExpenses": 0,
    "sellingGeneralAndAdministrativeExpenses": 123000000,
    "otherExpenses": -27000000,
    "operatingExpenses": 367000000,
    "costAndExpenses": 1167000000,
    "netInterestIncome": -32000000,
    "interestIncome": 0,
    "interestExpense": 32000000,
    "depreciationAndAmortization": 34000000,
    "ebitda": 40000000,
    "ebit": 6000000,
    "nonOperatingIncomeExcludingInterest": 5000000,
    "operatingIncome": 11000000,
    "totalOtherIncomeExpensesNet": -39000000,
    "incomeBeforeTax": -28000000,
    "incomeTaxExpense": 5000000,
    "netIncomeFromContinuingOperations": -33000000,
    "netIncomeFromDiscontinuedOperations": 0,
    "otherAdjustmentsToNetIncome": 0,
    "netIncome": -33000000,
    "netIncomeDeductions": 0,
    "bottomLineNetIncome": -33000000,
    "eps": -0.08,
    "epsDiluted": -0.08,
    "weightedAverageShsOut": 939000000,
    "weightedAverageShsOutDil": 939000000
  },
  {
    "date": "2016-12-31",
    "symbol": "AMD",
    "reportedCurrency": "USD",
    "cik": "0000002488",
    "filingDate": "2017-02-21",
    "acceptedDate": "2017-02-21 16:52:14",
    "fiscalYear": "2016",
    "period": "Q4",
    "revenue": 1106000000,
    "costOfRevenue": 755000000,
    "grossProfit": 351000000,
    "researchAndDevelopmentExpenses": 264000000,
    "generalAndAdministrativeExpenses": 0,
    "sellingAndMarketingExpenses": 0,
    "sellingGeneralAndAdministrativeExpenses": 121000000,
    "otherExpenses": -31000000,
    "operatingExpenses": 354000000,
    "costAndExpenses": 1109000000,
    "netInterestIncome": -34000000,
    "interestIncome": 0,
    "interestExpense": 34000000,
    "depreciationAndAmortization": 34000000,
    "ebitda": 24000000,
    "ebit": -10000000,
    "nonOperatingIncomeExcludingInterest": 7000000,
    "operatingIncome": -3000000,
    "totalOtherIncomeExpensesNet": -43000000,
    "incomeBeforeTax": -46000000,
    "incomeTaxExpense": 5000000,
    "netIncomeFromContinuingOperations": -51000000,
    "netIncomeFromDiscontinuedOperations": 0,
    "otherAdjustmentsToNetIncome": 0,
    "netIncome": -51000000,
    "netIncomeDeductions": 0,
    "bottomLineNetIncome": -51000000,
    "eps": -0.0548,
    "epsDiluted": -0.0548,
    "weightedAverageShsOut": 931000000,
    "weightedAverageShsOutDil": 931000000
  },
  {
    "date": "2016-09-24",
    "symbol": "AMD",
    "reportedCurrency": "USD",
    "cik": "0000002488",
    "filingDate": "2016-10-26",
    "acceptedDate": "2016-10-26 17:15:05",
    "fiscalYear": "2016",
    "period": "Q3",
    "revenue": 1307000000,
    "costOfRevenue": 1248000000,
    "grossProfit": 59000000,
    "researchAndDevelopmentExpenses": 259000000,
    "generalAndAdministrativeExpenses": 0,
    "sellingAndMarketingExpenses": 0,
    "sellingGeneralAndAdministrativeExpenses": 117000000,
    "otherExpenses": -24000000,
    "operatingExpenses": 352000000,
    "costAndExpenses": 1600000000,
    "netInterestIncome": -41000000,
    "interestIncome": 0,
    "interestExpense": 41000000,
    "depreciationAndAmortization": 33000000,
    "ebitda": -323000000,
    "ebit": -356000000,
    "nonOperatingIncomeExcludingInterest": 63000000,
    "operatingIncome": -293000000,
    "totalOtherIncomeExpensesNet": -109000000,
    "incomeBeforeTax": -402000000,
    "incomeTaxExpense": 4000000,
    "netIncomeFromContinuingOperations": -406000000,
    "netIncomeFromDiscontinuedOperations": 0,
    "otherAdjustmentsToNetIncome": 0,
    "netIncome": -406000000,
    "netIncomeDeductions": 0,
    "bottomLineNetIncome": -406000000,
    "eps": -0.5,
    "epsDiluted": -0.5,
    "weightedAverageShsOut": 815000000,
    "weightedAverageShsOutDil": 815000000
  },
  {
    "date": "2016-06-25",
    "symbol": "AMD",
    "reportedCurrency": "USD",
    "cik": "0000002488",
    "filingDate": "2016-07-26",
    "acceptedDate": "2016-07-25 18:22:04",
    "fiscalYear": "2016",
    "period": "Q2",
    "revenue": 1027000000,
    "costOfRevenue": 708000000,
    "grossProfit": 319000000,
    "researchAndDevelopmentExpenses": 243000000,
    "generalAndAdministrativeExpenses": 0,
    "sellingAndMarketingExpenses": 0,
    "sellingGeneralAndAdministrativeExpenses": 117000000,
    "otherExpenses": -33000000,
    "operatingExpenses": 327000000,
    "costAndExpenses": 1035000000,
    "netInterestIncome": -41000000,
    "interestIncome": 0,
    "interestExpense": 41000000,
    "depreciationAndAmortization": 33000000,
    "ebitda": 175000000,
    "ebit": 142000000,
    "nonOperatingIncomeExcludingInterest": -150000000,
    "operatingIncome": -8000000,
    "totalOtherIncomeExpensesNet": 106000000,
    "incomeBeforeTax": 98000000,
    "incomeTaxExpense": 29000000,
    "netIncomeFromContinuingOperations": 69000000,
    "netIncomeFromDiscontinuedOperations": 0,
    "otherAdjustmentsToNetIncome": 0,
    "netIncome": 69000000,
    "netIncomeDeductions": 0,
    "bottomLineNetIncome": 69000000,
    "eps": 0.09,
    "epsDiluted": 0.08,
    "weightedAverageShsOut": 794000000,
    "weightedAverageShsOutDil": 821000000
  },
  {
    "date": "2016-03-26",
    "symbol": "AMD",
    "reportedCurrency": "USD",
    "cik": "0000002488",
    "filingDate": "2016-04-28",
    "acceptedDate": "2016-04-28 16:23:25",
    "fiscalYear": "2016",
    "period": "Q1",
    "revenue": 832000000,
    "costOfRevenue": 563000000,
    "grossProfit": 269000000,
    "researchAndDevelopmentExpenses": 242000000,
    "generalAndAdministrativeExpenses": 0,
    "sellingAndMarketingExpenses": 0,
    "sellingGeneralAndAdministrativeExpenses": 105000000,
    "otherExpenses": -10000000,
    "operatingExpenses": 337000000,
    "costAndExpenses": 900000000,
    "netInterestIncome": -40000000,
    "interestIncome": 0,
    "interestExpense": 40000000,
    "depreciationAndAmortization": 33000000,
    "ebitda": -35000000,
    "ebit": -68000000,
    "nonOperatingIncomeExcludingInterest": 0,
    "operatingIncome": -68000000,
    "totalOtherIncomeExpensesNet": -40000000,
    "incomeBeforeTax": -108000000,
    "incomeTaxExpense": 1000000,
    "netIncomeFromContinuingOperations": -109000000,
    "netIncomeFromDiscontinuedOperations": 0,
    "otherAdjustmentsToNetIncome": 0,
    "netIncome": -109000000,
    "netIncomeDeductions": 0,
    "bottomLineNetIncome": -109000000,
    "eps": -0.14,
    "epsDiluted": -0.14,
    "weightedAverageShsOut": 793000000,
    "weightedAverageShsOutDil": 793000000
  },
  {
    "date": "2015-12-26",
    "symbol": "AMD",
    "reportedCurrency": "USD",
    "cik": "0000002488",
    "filingDate": "2016-02-18",
    "acceptedDate": "2016-02-18 16:19:58",
    "fiscalYear": "2015",
    "period": "Q4",
    "revenue": 958000000,
    "costOfRevenue": 675000000,
    "grossProfit": 283000000,
    "researchAndDevelopmentExpenses": 229000000,
    "generalAndAdministrativeExpenses": 0,
    "sellingAndMarketingExpenses": 0,
    "sellingGeneralAndAdministrativeExpenses": 109000000,
    "otherExpenses": -6000000,
    "operatingExpenses": 332000000,
    "costAndExpenses": 1007000000,
    "netInterestIncome": -41000000,
    "interestIncome": 0,
    "interestExpense": 41000000,
    "depreciationAndAmortization": 34000000,
    "ebitda": -17000000,
    "ebit": -51000000,
    "nonOperatingIncomeExcludingInterest": 2000000,
    "operatingIncome": -49000000,
    "totalOtherIncomeExpensesNet": -43000000,
    "incomeBeforeTax": -92000000,
    "incomeTaxExpense": 10000000,
    "netIncomeFromContinuingOperations": -102000000,
    "netIncomeFromDiscontinuedOperations": 0,
    "otherAdjustmentsToNetIncome": 0,
    "netIncome": -102000000,
    "netIncomeDeductions": 0,
    "bottomLineNetIncome": -102000000,
    "eps": -0.13,
    "epsDiluted": -0.13,
    "weightedAverageShsOut": 791000000,
    "weightedAverageShsOutDil": 791000000
  },
  {
    "date": "2015-09-26",
    "symbol": "AMD",
    "reportedCurrency": "USD",
    "cik": "0000002488",
    "filingDate": "2015-11-03",
    "acceptedDate": "2015-11-03 16:35:22",
    "fiscalYear": "2015",
    "period": "Q3",
    "revenue": 1061000000,
    "costOfRevenue": 822000000,
    "grossProfit": 239000000,
    "researchAndDevelopmentExpenses": 241000000,
    "generalAndAdministrativeExpenses": 0,
    "sellingAndMarketingExpenses": 0,
    "sellingGeneralAndAdministrativeExpenses": 108000000,
    "otherExpenses": 48000000,
    "operatingExpenses": 397000000,
    "costAndExpenses": 1219000000,
    "netInterestIncome": -39000000,
    "interestIncome": 0,
    "interestExpense": 39000000,
    "depreciationAndAmortization": 42000000,
    "ebitda": -116000000,
    "ebit": -158000000,
    "nonOperatingIncomeExcludingInterest": 0,
    "operatingIncome": -158000000,
    "totalOtherIncomeExpensesNet": -39000000,
    "incomeBeforeTax": -197000000,
    "incomeTaxExpense": 0,
    "netIncomeFromContinuingOperations": -197000000,
    "netIncomeFromDiscontinuedOperations": 0,
    "otherAdjustmentsToNetIncome": 0,
    "netIncome": -197000000,
    "netIncomeDeductions": 0,
    "bottomLineNetIncome": -197000000,
    "eps": -0.25,
    "epsDiluted": -0.25,
    "weightedAverageShsOut": 785000000,
    "weightedAverageShsOutDil": 785000000
  },
  {
    "date": "2015-06-27",
    "symbol": "AMD",
    "reportedCurrency": "USD",
    "cik": "0000002488",
    "filingDate": "2015-07-30",
    "acceptedDate": "2015-07-30 16:55:47",
    "fiscalYear": "2015",
    "period": "Q2",
    "revenue": 942000000,
    "costOfRevenue": 710000000,
    "grossProfit": 232000000,
    "researchAndDevelopmentExpenses": 235000000,
    "generalAndAdministrativeExpenses": 0,
    "sellingAndMarketingExpenses": 0,
    "sellingGeneralAndAdministrativeExpenses": 134000000,
    "otherExpenses": 0,
    "operatingExpenses": 369000000,
    "costAndExpenses": 1079000000,
    "netInterestIncome": -40000000,
    "interestIncome": 0,
    "interestExpense": 40000000,
    "depreciationAndAmortization": 45000000,
    "ebitda": -95000000,
    "ebit": -140000000,
    "nonOperatingIncomeExcludingInterest": 3000000,
    "operatingIncome": -137000000,
    "totalOtherIncomeExpensesNet": -43000000,
    "incomeBeforeTax": -180000000,
    "incomeTaxExpense": 1000000,
    "netIncomeFromContinuingOperations": -181000000,
    "netIncomeFromDiscontinuedOperations": 0,
    "otherAdjustmentsToNetIncome": 0,
    "netIncome": -181000000,
    "netIncomeDeductions": 0,
    "bottomLineNetIncome": -181000000,
    "eps": -0.23,
    "epsDiluted": -0.23,
    "weightedAverageShsOut": 778000000,
    "weightedAverageShsOutDil": 778000000
  },
  {
    "date": "2015-03-28",
    "symbol": "AMD",
    "reportedCurrency": "USD",
    "cik": "0000002488",
    "filingDate": "2015-04-29",
    "acceptedDate": "2015-04-29 16:55:05",
    "fiscalYear": "2015",
    "period": "Q1",
    "revenue": 1030000000,
    "costOfRevenue": 704000000,
    "grossProfit": 326000000,
    "researchAndDevelopmentExpenses": 242000000,
    "generalAndAdministrativeExpenses": 0,
    "sellingAndMarketingExpenses": 0,
    "sellingGeneralAndAdministrativeExpenses": 131000000,
    "otherExpenses": 90000000,
    "operatingExpenses": 463000000,
    "costAndExpenses": 1167000000,
    "netInterestIncome": -40000000,
    "interestIncome": 0,
    "interestExpense": 40000000,
    "depreciationAndAmortization": 46000000,
    "ebitda": -91000000,
    "ebit": -137000000,
    "nonOperatingIncomeExcludingInterest": 0,
    "operatingIncome": -137000000,
    "totalOtherIncomeExpensesNet": -40000000,
    "incomeBeforeTax": -177000000,
    "incomeTaxExpense": 3000000,
    "netIncomeFromContinuingOperations": -180000000,
    "netIncomeFromDiscontinuedOperations": 0,
    "otherAdjustmentsToNetIncome": 0,
    "netIncome": -180000000,
    "netIncomeDeductions": 0,
    "bottomLineNetIncome": -180000000,
    "eps": -0.23,
    "epsDiluted": -0.23,
    "weightedAverageShsOut": 777000000,
    "weightedAverageShsOutDil": 777000000
  },
  {
    "date": "2014-12-27",
    "symbol": "AMD",
    "reportedCurrency": "USD",
    "cik": "0000002488",
    "filingDate": "2015-02-19",
    "acceptedDate": "2015-02-19 17:08:48",
    "fiscalYear": "2014",
    "period": "Q4",
    "revenue": 1239000000,
    "costOfRevenue": 879000000,
    "grossProfit": 360000000,
    "researchAndDevelopmentExpenses": 238000000,
    "generalAndAdministrativeExpenses": 0,
    "sellingAndMarketingExpenses": 0,
    "sellingGeneralAndAdministrativeExpenses": 144000000,
    "otherExpenses": 308000000,
    "operatingExpenses": 690000000,
    "costAndExpenses": 1569000000,
    "netInterestIncome": -40000000,
    "interestIncome": 1000000,
    "interestExpense": 41000000,
    "depreciationAndAmortization": 48000000,
    "ebitda": -278000000,
    "ebit": -326000000,
    "nonOperatingIncomeExcludingInterest": -4000000,
    "operatingIncome": -330000000,
    "totalOtherIncomeExpensesNet": -37000000,
    "incomeBeforeTax": -367000000,
    "incomeTaxExpense": -3000000,
    "netIncomeFromContinuingOperations": -364000000,
    "netIncomeFromDiscontinuedOperations": 0,
    "otherAdjustmentsToNetIncome": 0,
    "netIncome": -364000000,
    "netIncomeDeductions": 0,
    "bottomLineNetIncome": -364000000,
    "eps": -0.47,
    "epsDiluted": -0.47,
    "weightedAverageShsOut": 776000000,
    "weightedAverageShsOutDil": 776000000
  },
  {
    "date": "2014-09-27",
    "symbol": "AMD",
    "reportedCurrency": "USD",
    "cik": "0000002488",
    "filingDate": "2014-10-30",
    "acceptedDate": "2014-10-30 16:23:21",
    "fiscalYear": "2014",
    "period": "Q3",
    "revenue": 1429000000,
    "costOfRevenue": 935000000,
    "grossProfit": 494000000,
    "researchAndDevelopmentExpenses": 278000000,
    "generalAndAdministrativeExpenses": 0,
    "sellingAndMarketingExpenses": 0,
    "sellingGeneralAndAdministrativeExpenses": 150000000,
    "otherExpenses": 3000000,
    "operatingExpenses": 431000000,
    "costAndExpenses": 1366000000,
    "netInterestIncome": -43000000,
    "interestIncome": 0,
    "interestExpense": 43000000,
    "depreciationAndAmortization": 49000000,
    "ebitda": 111000000,
    "ebit": 62000000,
    "nonOperatingIncomeExcludingInterest": 1000000,
    "operatingIncome": 63000000,
    "totalOtherIncomeExpensesNet": -44000000,
    "incomeBeforeTax": 19000000,
    "incomeTaxExpense": 2000000,
    "netIncomeFromContinuingOperations": 17000000,
    "netIncomeFromDiscontinuedOperations": 0,
    "otherAdjustmentsToNetIncome": 0,
    "netIncome": 17000000,
    "netIncomeDeductions": 0,
    "bottomLineNetIncome": 17000000,
    "eps": 0.0221,
    "epsDiluted": 0.02,
    "weightedAverageShsOut": 770000000,
    "weightedAverageShsOutDil": 785000000
  },
  {
    "date": "2014-06-28",
    "symbol": "AMD",
    "reportedCurrency": "USD",
    "cik": "0000002488",
    "filingDate": "2014-07-31",
    "acceptedDate": "2014-07-31 16:40:31",
    "fiscalYear": "2014",
    "period": "Q2",
    "revenue": 1441000000,
    "costOfRevenue": 943000000,
    "grossProfit": 498000000,
    "researchAndDevelopmentExpenses": 277000000,
    "generalAndAdministrativeExpenses": 0,
    "sellingAndMarketingExpenses": 0,
    "sellingGeneralAndAdministrativeExpenses": 154000000,
    "otherExpenses": 4000000,
    "operatingExpenses": 435000000,
    "costAndExpenses": 1378000000,
    "netInterestIncome": -46000000,
    "interestIncome": 0,
    "interestExpense": 46000000,
    "depreciationAndAmortization": 53000000,
    "ebitda": 67000000,
    "ebit": 14000000,
    "nonOperatingIncomeExcludingInterest": 49000000,
    "operatingIncome": 63000000,
    "totalOtherIncomeExpensesNet": -95000000,
    "incomeBeforeTax": -32000000,
    "incomeTaxExpense": 4000000,
    "netIncomeFromContinuingOperations": -36000000,
    "netIncomeFromDiscontinuedOperations": 0,
    "otherAdjustmentsToNetIncome": 0,
    "netIncome": -36000000,
    "netIncomeDeductions": 0,
    "bottomLineNetIncome": -36000000,
    "eps": -0.0471,
    "epsDiluted": -0.0471,
    "weightedAverageShsOut": 764000000,
    "weightedAverageShsOutDil": 764000000
  },
  {
    "date": "2014-03-29",
    "symbol": "AMD",
    "reportedCurrency": "USD",
    "cik": "0000002488",
    "filingDate": "2014-05-01",
    "acceptedDate": "2014-05-01 16:41:28",
    "fiscalYear": "2014",
    "period": "Q1",
    "revenue": 1397000000,
    "costOfRevenue": 910000000,
    "grossProfit": 487000000,
    "researchAndDevelopmentExpenses": 279000000,
    "generalAndAdministrativeExpenses": 0,
    "sellingAndMarketingExpenses": 0,
    "sellingGeneralAndAdministrativeExpenses": 156000000,
    "otherExpenses": 3000000,
    "operatingExpenses": 438000000,
    "costAndExpenses": 1348000000,
    "netInterestIncome": -46000000,
    "interestIncome": 1000000,
    "interestExpense": 47000000,
    "depreciationAndAmortization": 53000000,
    "ebitda": 82000000,
    "ebit": 29000000,
    "nonOperatingIncomeExcludingInterest": 20000000,
    "operatingIncome": 49000000,
    "totalOtherIncomeExpensesNet": -67000000,
    "incomeBeforeTax": -18000000,
    "incomeTaxExpense": 2000000,
    "netIncomeFromContinuingOperations": -20000000,
    "netIncomeFromDiscontinuedOperations": 0,
    "otherAdjustmentsToNetIncome": 0,
    "netIncome": -20000000,
    "netIncomeDeductions": 0,
    "bottomLineNetIncome": -20000000,
    "eps": -0.0263,
    "epsDiluted": -0.0263,
    "weightedAverageShsOut": 761000000,
    "weightedAverageShsOutDil": 761000000
  },
  {
    "date": "2013-12-28",
    "symbol": "AMD",
    "reportedCurrency": "USD",
    "cik": "0000002488",
    "filingDate": "2014-02-18",
    "acceptedDate": "2014-02-18 16:56:49",
    "fiscalYear": "2013",
    "period": "Q4",
    "revenue": 1589000000,
    "costOfRevenue": 1036000000,
    "grossProfit": 553000000,
    "researchAndDevelopmentExpenses": 293000000,
    "generalAndAdministrativeExpenses": 0,
    "sellingAndMarketingExpenses": 0,
    "sellingGeneralAndAdministrativeExpenses": 169000000,
    "otherExpenses": -44000000,
    "operatingExpenses": 418000000,
    "costAndExpenses": 1454000000,
    "netInterestIncome": -43000000,
    "interestIncome": 1000000,
    "interestExpense": 44000000,
    "depreciationAndAmortization": 54000000,
    "ebitda": 188000000,
    "ebit": 134000000,
    "nonOperatingIncomeExcludingInterest": 1000000,
    "operatingIncome": 135000000,
    "totalOtherIncomeExpensesNet": -45000000,
    "incomeBeforeTax": 90000000,
    "incomeTaxExpense": 1000000,
    "netIncomeFromContinuingOperations": 89000000,
    "netIncomeFromDiscontinuedOperations": 0,
    "otherAdjustmentsToNetIncome": 0,
    "netIncome": 89000000,
    "netIncomeDeductions": 0,
    "bottomLineNetIncome": 89000000,
    "eps": 0.12,
    "epsDiluted": 0.12,
    "weightedAverageShsOut": 759000000,
    "weightedAverageShsOutDil": 766000000
  },
  {
    "date": "2013-09-28",
    "symbol": "AMD",
    "reportedCurrency": "USD",
    "cik": "0000002488",
    "filingDate": "2013-10-30",
    "acceptedDate": "2013-10-30 17:31:32",
    "fiscalYear": "2013",
    "period": "Q3",
    "revenue": 1461000000,
    "costOfRevenue": 940000000,
    "grossProfit": 521000000,
    "researchAndDevelopmentExpenses": 288000000,
    "generalAndAdministrativeExpenses": 0,
    "sellingAndMarketingExpenses": 0,
    "sellingGeneralAndAdministrativeExpenses": 155000000,
    "otherExpenses": -17000000,
    "operatingExpenses": 426000000,
    "costAndExpenses": 1366000000,
    "netInterestIncome": -46000000,
    "interestIncome": 1000000,
    "interestExpense": 47000000,
    "depreciationAndAmortization": 57000000,
    "ebitda": 155000000,
    "ebit": 98000000,
    "nonOperatingIncomeExcludingInterest": -3000000,
    "operatingIncome": 95000000,
    "totalOtherIncomeExpensesNet": -44000000,
    "incomeBeforeTax": 51000000,
    "incomeTaxExpense": 3000000,
    "netIncomeFromContinuingOperations": 48000000,
    "netIncomeFromDiscontinuedOperations": 0,
    "otherAdjustmentsToNetIncome": 0,
    "netIncome": 48000000,
    "netIncomeDeductions": 0,
    "bottomLineNetIncome": 48000000,
    "eps": 0.0634,
    "epsDiluted": 0.06,
    "weightedAverageShsOut": 757000000,
    "weightedAverageShsOutDil": 764000000
  },
  {
    "date": "2013-06-29",
    "symbol": "AMD",
    "reportedCurrency": "USD",
    "cik": "0000002488",
    "filingDate": "2013-08-01",
    "acceptedDate": "2013-08-01 17:10:34",
    "fiscalYear": "2013",
    "period": "Q2",
    "revenue": 1161000000,
    "costOfRevenue": 702000000,
    "grossProfit": 459000000,
    "researchAndDevelopmentExpenses": 308000000,
    "generalAndAdministrativeExpenses": 0,
    "sellingAndMarketingExpenses": 0,
    "sellingGeneralAndAdministrativeExpenses": 171000000,
    "otherExpenses": 9000000,
    "operatingExpenses": 488000000,
    "costAndExpenses": 1190000000,
    "netInterestIncome": -40000000,
    "interestIncome": 2000000,
    "interestExpense": 42000000,
    "depreciationAndAmortization": 59000000,
    "ebitda": 30000000,
    "ebit": -29000000,
    "nonOperatingIncomeExcludingInterest": 0,
    "operatingIncome": -29000000,
    "totalOtherIncomeExpensesNet": -42000000,
    "incomeBeforeTax": -71000000,
    "incomeTaxExpense": 3000000,
    "netIncomeFromContinuingOperations": -74000000,
    "netIncomeFromDiscontinuedOperations": 0,
    "otherAdjustmentsToNetIncome": 0,
    "netIncome": -74000000,
    "netIncomeDeductions": 0,
    "bottomLineNetIncome": -74000000,
    "eps": -0.0984,
    "epsDiluted": -0.0984,
    "weightedAverageShsOut": 752000000,
    "weightedAverageShsOutDil": 752000000
  },
  {
    "date": "2013-03-31",
    "symbol": "AMD",
    "reportedCurrency": "USD",
    "cik": "0000002488",
    "filingDate": "2013-05-06",
    "acceptedDate": "2013-05-06 16:18:25",
    "fiscalYear": "2013",
    "period": "Q1",
    "revenue": 1088000000,
    "costOfRevenue": 643000000,
    "grossProfit": 445000000,
    "researchAndDevelopmentExpenses": 312000000,
    "generalAndAdministrativeExpenses": 0,
    "sellingAndMarketingExpenses": 0,
    "sellingGeneralAndAdministrativeExpenses": 179000000,
    "otherExpenses": 52000000,
    "operatingExpenses": 543000000,
    "costAndExpenses": 1186000000,
    "netInterestIncome": -43000000,
    "interestIncome": 1000000,
    "interestExpense": 44000000,
    "depreciationAndAmortization": 66000000,
    "ebitda": -34000000,
    "ebit": -100000000,
    "nonOperatingIncomeExcludingInterest": 2000000,
    "operatingIncome": -98000000,
    "totalOtherIncomeExpensesNet": -46000000,
    "incomeBeforeTax": -144000000,
    "incomeTaxExpense": 2000000,
    "netIncomeFromContinuingOperations": -146000000,
    "netIncomeFromDiscontinuedOperations": 0,
    "otherAdjustmentsToNetIncome": 0,
    "netIncome": -146000000,
    "netIncomeDeductions": 0,
    "bottomLineNetIncome": -146000000,
    "eps": -0.19,
    "epsDiluted": -0.19,
    "weightedAverageShsOut": 749000000,
    "weightedAverageShsOutDil": 749000000
  },
  {
    "date": "2012-12-29",
    "symbol": "AMD",
    "reportedCurrency": "USD",
    "cik": "0000002488",
    "filingDate": "2013-02-21",
    "acceptedDate": "2013-02-21 16:44:05",
    "fiscalYear": "2012",
    "period": "Q4",
    "revenue": 1155000000,
    "costOfRevenue": 977000000,
    "grossProfit": 178000000,
    "researchAndDevelopmentExpenses": 313000000,
    "generalAndAdministrativeExpenses": 0,
    "sellingAndMarketingExpenses": 0,
    "sellingGeneralAndAdministrativeExpenses": 193000000,
    "otherExpenses": 94000000,
    "operatingExpenses": 600000000,
    "costAndExpenses": 1577000000,
    "netInterestIncome": -43000000,
    "interestIncome": 2000000,
    "interestExpense": 45000000,
    "depreciationAndAmortization": 66000000,
    "ebitda": -358000000,
    "ebit": -424000000,
    "nonOperatingIncomeExcludingInterest": 2000000,
    "operatingIncome": -422000000,
    "totalOtherIncomeExpensesNet": -47000000,
    "incomeBeforeTax": -469000000,
    "incomeTaxExpense": 4000000,
    "netIncomeFromContinuingOperations": -473000000,
    "netIncomeFromDiscontinuedOperations": 0,
    "otherAdjustmentsToNetIncome": 0,
    "netIncome": -473000000,
    "netIncomeDeductions": 0,
    "bottomLineNetIncome": -473000000,
    "eps": -0.63,
    "epsDiluted": -0.63,
    "weightedAverageShsOut": 747000000,
    "weightedAverageShsOutDil": 747000000
  },
  {
    "date": "2012-09-29",
    "symbol": "AMD",
    "reportedCurrency": "USD",
    "cik": "0000002488",
    "filingDate": "2012-11-01",
    "acceptedDate": "2012-11-01 16:32:22",
    "fiscalYear": "2012",
    "period": "Q3",
    "revenue": 1269000000,
    "costOfRevenue": 877000000,
    "grossProfit": 392000000,
    "researchAndDevelopmentExpenses": 328000000,
    "generalAndAdministrativeExpenses": 0,
    "sellingAndMarketingExpenses": 0,
    "sellingGeneralAndAdministrativeExpenses": 188000000,
    "otherExpenses": 7000000,
    "operatingExpenses": 523000000,
    "costAndExpenses": 1400000000,
    "netInterestIncome": -42000000,
    "interestIncome": 2000000,
    "interestExpense": 44000000,
    "depreciationAndAmortization": 66000000,
    "ebitda": -47000000,
    "ebit": -113000000,
    "nonOperatingIncomeExcludingInterest": -18000000,
    "operatingIncome": -131000000,
    "totalOtherIncomeExpensesNet": -26000000,
    "incomeBeforeTax": -157000000,
    "incomeTaxExpense": 0,
    "netIncomeFromContinuingOperations": -157000000,
    "netIncomeFromDiscontinuedOperations": 0,
    "otherAdjustmentsToNetIncome": 0,
    "netIncome": -157000000,
    "netIncomeDeductions": 0,
    "bottomLineNetIncome": -157000000,
    "eps": -0.21,
    "epsDiluted": -0.21,
    "weightedAverageShsOut": 745000000,
    "weightedAverageShsOutDil": 745000000
  },
  {
    "date": "2012-06-30",
    "symbol": "AMD",
    "reportedCurrency": "USD",
    "cik": "0000002488",
    "filingDate": "2012-08-02",
    "acceptedDate": "2012-08-02 16:47:15",
    "fiscalYear": "2012",
    "period": "Q2",
    "revenue": 1413000000,
    "costOfRevenue": 775000000,
    "grossProfit": 638000000,
    "researchAndDevelopmentExpenses": 345000000,
    "generalAndAdministrativeExpenses": 0,
    "sellingAndMarketingExpenses": 0,
    "sellingGeneralAndAdministrativeExpenses": 212000000,
    "otherExpenses": 4000000,
    "operatingExpenses": 561000000,
    "costAndExpenses": 1336000000,
    "netInterestIncome": -41000000,
    "interestIncome": 2000000,
    "interestExpense": 43000000,
    "depreciationAndAmortization": 65000000,
    "ebitda": 139000000,
    "ebit": 74000000,
    "nonOperatingIncomeExcludingInterest": 3000000,
    "operatingIncome": 77000000,
    "totalOtherIncomeExpensesNet": -46000000,
    "incomeBeforeTax": 31000000,
    "incomeTaxExpense": -6000000,
    "netIncomeFromContinuingOperations": 37000000,
    "netIncomeFromDiscontinuedOperations": 0,
    "otherAdjustmentsToNetIncome": 0,
    "netIncome": 37000000,
    "netIncomeDeductions": 0,
    "bottomLineNetIncome": 37000000,
    "eps": 0.05,
    "epsDiluted": 0.05,
    "weightedAverageShsOut": 739000000,
    "weightedAverageShsOutDil": 755000000
  },
  {
    "date": "2012-03-31",
    "symbol": "AMD",
    "reportedCurrency": "USD",
    "cik": "0000002488",
    "filingDate": "2012-05-09",
    "acceptedDate": "2012-05-09 16:14:05",
    "fiscalYear": "2012",
    "period": "Q1",
    "revenue": 1585000000,
    "costOfRevenue": 1558000000,
    "grossProfit": 27000000,
    "researchAndDevelopmentExpenses": 368000000,
    "generalAndAdministrativeExpenses": 0,
    "sellingAndMarketingExpenses": 0,
    "sellingGeneralAndAdministrativeExpenses": 230000000,
    "otherExpenses": 9000000,
    "operatingExpenses": 607000000,
    "costAndExpenses": 2165000000,
    "netInterestIncome": -41000000,
    "interestIncome": 2000000,
    "interestExpense": 43000000,
    "depreciationAndAmortization": 63000000,
    "ebitda": -516000000,
    "ebit": -579000000,
    "nonOperatingIncomeExcludingInterest": -1000000,
    "operatingIncome": -580000000,
    "totalOtherIncomeExpensesNet": -42000000,
    "incomeBeforeTax": -622000000,
    "incomeTaxExpense": -32000000,
    "netIncomeFromContinuingOperations": -590000000,
    "netIncomeFromDiscontinuedOperations": 0,
    "otherAdjustmentsToNetIncome": 0,
    "netIncome": -590000000,
    "netIncomeDeductions": 0,
    "bottomLineNetIncome": -590000000,
    "eps": -0.8,
    "epsDiluted": -0.8,
    "weightedAverageShsOut": 734000000,
    "weightedAverageShsOutDil": 734000000
  },
  {
    "date": "2011-12-31",
    "symbol": "AMD",
    "reportedCurrency": "USD",
    "cik": "0000002488",
    "filingDate": "2012-02-24",
    "acceptedDate": "2012-02-23 19:04:58",
    "fiscalYear": "2011",
    "period": "Q4",
    "revenue": 1691000000,
    "costOfRevenue": 918000000,
    "grossProfit": 773000000,
    "researchAndDevelopmentExpenses": 358000000,
    "generalAndAdministrativeExpenses": 0,
    "sellingAndMarketingExpenses": 0,
    "sellingGeneralAndAdministrativeExpenses": 243000000,
    "otherExpenses": 101000000,
    "operatingExpenses": 702000000,
    "costAndExpenses": 1620000000,
    "netInterestIncome": -41000000,
    "interestIncome": 2000000,
    "interestExpense": 43000000,
    "depreciationAndAmortization": 70000000,
    "ebitda": -64000000,
    "ebit": -134000000,
    "nonOperatingIncomeExcludingInterest": 205000000,
    "operatingIncome": 71000000,
    "totalOtherIncomeExpensesNet": -248000000,
    "incomeBeforeTax": -177000000,
    "incomeTaxExpense": -4000000,
    "netIncomeFromContinuingOperations": -173000000,
    "netIncomeFromDiscontinuedOperations": 0,
    "otherAdjustmentsToNetIncome": -4000000,
    "netIncome": -177000000,
    "netIncomeDeductions": 0,
    "bottomLineNetIncome": -177000000,
    "eps": -0.24,
    "epsDiluted": -0.24,
    "weightedAverageShsOut": 730500000,
    "weightedAverageShsOutDil": 738000000
  },
  {
    "date": "2011-10-01",
    "symbol": "AMD",
    "reportedCurrency": "USD",
    "cik": "0000002488",
    "filingDate": "2011-11-09",
    "acceptedDate": "2011-11-09 17:20:11",
    "fiscalYear": "2011",
    "period": "Q3",
    "revenue": 1690000000,
    "costOfRevenue": 934000000,
    "grossProfit": 756000000,
    "researchAndDevelopmentExpenses": 361000000,
    "generalAndAdministrativeExpenses": 0,
    "sellingAndMarketingExpenses": 0,
    "sellingGeneralAndAdministrativeExpenses": 249000000,
    "otherExpenses": 8000000,
    "operatingExpenses": 618000000,
    "costAndExpenses": 1552000000,
    "netInterestIncome": -39000000,
    "interestIncome": 3000000,
    "interestExpense": 42000000,
    "depreciationAndAmortization": 79000000,
    "ebitda": 213000000,
    "ebit": 134000000,
    "nonOperatingIncomeExcludingInterest": 4000000,
    "operatingIncome": 138000000,
    "totalOtherIncomeExpensesNet": -46000000,
    "incomeBeforeTax": 92000000,
    "incomeTaxExpense": -5000000,
    "netIncomeFromContinuingOperations": 97000000,
    "netIncomeFromDiscontinuedOperations": 0,
    "otherAdjustmentsToNetIncome": 0,
    "netIncome": 97000000,
    "netIncomeDeductions": 0,
    "bottomLineNetIncome": 97000000,
    "eps": 0.13,
    "epsDiluted": 0.13,
    "weightedAverageShsOut": 729000000,
    "weightedAverageShsOutDil": 741000000
  },
  {
    "date": "2011-07-02",
    "symbol": "AMD",
    "reportedCurrency": "USD",
    "cik": "0000002488",
    "filingDate": "2011-08-10",
    "acceptedDate": "2011-08-10 16:47:26",
    "fiscalYear": "2011",
    "period": "Q2",
    "revenue": 1574000000,
    "costOfRevenue": 854000000,
    "grossProfit": 720000000,
    "researchAndDevelopmentExpenses": 367000000,
    "generalAndAdministrativeExpenses": 0,
    "sellingAndMarketingExpenses": 0,
    "sellingGeneralAndAdministrativeExpenses": 239000000,
    "otherExpenses": 9000000,
    "operatingExpenses": 615000000,
    "costAndExpenses": 1469000000,
    "netInterestIncome": -45000000,
    "interestIncome": 2000000,
    "interestExpense": 47000000,
    "depreciationAndAmortization": 80000000,
    "ebitda": 191000000,
    "ebit": 111000000,
    "nonOperatingIncomeExcludingInterest": -6000000,
    "operatingIncome": 105000000,
    "totalOtherIncomeExpensesNet": -41000000,
    "incomeBeforeTax": 64000000,
    "incomeTaxExpense": 3000000,
    "netIncomeFromContinuingOperations": 61000000,
    "netIncomeFromDiscontinuedOperations": 0,
    "otherAdjustmentsToNetIncome": 0,
    "netIncome": 61000000,
    "netIncomeDeductions": 0,
    "bottomLineNetIncome": 61000000,
    "eps": 0.08,
    "epsDiluted": 0.08,
    "weightedAverageShsOut": 724000000,
    "weightedAverageShsOutDil": 743000000
  },
  {
    "date": "2011-04-02",
    "symbol": "AMD",
    "reportedCurrency": "USD",
    "cik": "0000002488",
    "filingDate": "2011-05-10",
    "acceptedDate": "2011-05-10 17:24:39",
    "fiscalYear": "2011",
    "period": "Q1",
    "revenue": 1613000000,
    "costOfRevenue": 922000000,
    "grossProfit": 691000000,
    "researchAndDevelopmentExpenses": 367000000,
    "generalAndAdministrativeExpenses": 0,
    "sellingAndMarketingExpenses": 0,
    "sellingGeneralAndAdministrativeExpenses": 261000000,
    "otherExpenses": 9000000,
    "operatingExpenses": 637000000,
    "costAndExpenses": 1559000000,
    "netInterestIncome": -45000000,
    "interestIncome": 3000000,
    "interestExpense": 48000000,
    "depreciationAndAmortization": 88000000,
    "ebitda": 156000000,
    "ebit": 68000000,
    "nonOperatingIncomeExcludingInterest": -14000000,
    "operatingIncome": 54000000,
    "totalOtherIncomeExpensesNet": 458000000,
    "incomeBeforeTax": 512000000,
    "incomeTaxExpense": 2000000,
    "netIncomeFromContinuingOperations": 510000000,
    "netIncomeFromDiscontinuedOperations": 0,
    "otherAdjustmentsToNetIncome": 0,
    "netIncome": 510000000,
    "netIncomeDeductions": 0,
    "bottomLineNetIncome": 510000000,
    "eps": 0.71,
    "epsDiluted": 0.68,
    "weightedAverageShsOut": 720000000,
    "weightedAverageShsOutDil": 764000000
  },
  {
    "date": "2010-12-25",
    "symbol": "AMD",
    "reportedCurrency": "USD",
    "cik": "0000002488",
    "filingDate": "2011-02-18",
    "acceptedDate": "2011-02-18 16:38:16",
    "fiscalYear": "2010",
    "period": "Q4",
    "revenue": 1649000000,
    "costOfRevenue": 906000000,
    "grossProfit": 743000000,
    "researchAndDevelopmentExpenses": 352000000,
    "generalAndAdministrativeExpenses": 0,
    "sellingAndMarketingExpenses": 0,
    "sellingGeneralAndAdministrativeExpenses": 250000000,
    "otherExpenses": -272000000,
    "operatingExpenses": 330000000,
    "costAndExpenses": 1236000000,
    "netInterestIncome": -37000000,
    "interestIncome": 2000000,
    "interestExpense": 39000000,
    "depreciationAndAmortization": 89000000,
    "ebitda": 518000000,
    "ebit": 429000000,
    "nonOperatingIncomeExcludingInterest": -16000000,
    "operatingIncome": 413000000,
    "totalOtherIncomeExpensesNet": 4000000,
    "incomeBeforeTax": 417000000,
    "incomeTaxExpense": 42000000,
    "netIncomeFromContinuingOperations": 375000000,
    "netIncomeFromDiscontinuedOperations": 0,
    "otherAdjustmentsToNetIncome": 0,
    "netIncome": 375000000,
    "netIncomeDeductions": 0,
    "bottomLineNetIncome": 375000000,
    "eps": 0.52,
    "epsDiluted": 0.5,
    "weightedAverageShsOut": 715500000,
    "weightedAverageShsOutDil": 748500000
  },
  {
    "date": "2010-09-25",
    "symbol": "AMD",
    "reportedCurrency": "USD",
    "cik": "0000002488",
    "filingDate": "2010-11-03",
    "acceptedDate": "2010-11-03 17:25:11",
    "fiscalYear": "2010",
    "period": "Q3",
    "revenue": 1618000000,
    "costOfRevenue": 879000000,
    "grossProfit": 739000000,
    "researchAndDevelopmentExpenses": 359000000,
    "generalAndAdministrativeExpenses": 0,
    "sellingAndMarketingExpenses": 0,
    "sellingGeneralAndAdministrativeExpenses": 236000000,
    "otherExpenses": 16000000,
    "operatingExpenses": 611000000,
    "costAndExpenses": 1490000000,
    "netInterestIncome": -53000000,
    "interestIncome": 3000000,
    "interestExpense": 56000000,
    "depreciationAndAmortization": 94000000,
    "ebitda": 219000000,
    "ebit": 125000000,
    "nonOperatingIncomeExcludingInterest": 3000000,
    "operatingIncome": 128000000,
    "totalOtherIncomeExpensesNet": -245000000,
    "incomeBeforeTax": -117000000,
    "incomeTaxExpense": 1000000,
    "netIncomeFromContinuingOperations": -118000000,
    "netIncomeFromDiscontinuedOperations": 0,
    "otherAdjustmentsToNetIncome": 0,
    "netIncome": -118000000,
    "netIncomeDeductions": 0,
    "bottomLineNetIncome": -118000000,
    "eps": -0.17,
    "epsDiluted": -0.17,
    "weightedAverageShsOut": 713000000,
    "weightedAverageShsOutDil": 713000000
  },
  {
    "date": "2010-06-26",
    "symbol": "AMD",
    "reportedCurrency": "USD",
    "cik": "0000002488",
    "filingDate": "2010-08-04",
    "acceptedDate": "2010-08-04 17:11:03",
    "fiscalYear": "2010",
    "period": "Q2",
    "revenue": 1653000000,
    "costOfRevenue": 915000000,
    "grossProfit": 738000000,
    "researchAndDevelopmentExpenses": 371000000,
    "generalAndAdministrativeExpenses": 0,
    "sellingAndMarketingExpenses": 0,
    "sellingGeneralAndAdministrativeExpenses": 229000000,
    "otherExpenses": 13000000,
    "operatingExpenses": 613000000,
    "costAndExpenses": 1528000000,
    "netInterestIncome": -52000000,
    "interestIncome": 3000000,
    "interestExpense": 55000000,
    "depreciationAndAmortization": 100000000,
    "ebitda": 227000000,
    "ebit": 127000000,
    "nonOperatingIncomeExcludingInterest": -2000000,
    "operatingIncome": 125000000,
    "totalOtherIncomeExpensesNet": -173000000,
    "incomeBeforeTax": -48000000,
    "incomeTaxExpense": -5000000,
    "netIncomeFromContinuingOperations": -43000000,
    "netIncomeFromDiscontinuedOperations": 0,
    "otherAdjustmentsToNetIncome": 0,
    "netIncome": -43000000,
    "netIncomeDeductions": 0,
    "bottomLineNetIncome": -43000000,
    "eps": -0.0606,
    "epsDiluted": -0.0606,
    "weightedAverageShsOut": 709000000,
    "weightedAverageShsOutDil": 709000000
  },
  {
    "date": "2010-03-27",
    "symbol": "AMD",
    "reportedCurrency": "USD",
    "cik": "0000002488",
    "filingDate": "2010-05-04",
    "acceptedDate": "2010-05-04 17:14:57",
    "fiscalYear": "2010",
    "period": "Q1",
    "revenue": 1574000000,
    "costOfRevenue": 833000000,
    "grossProfit": 741000000,
    "researchAndDevelopmentExpenses": 323000000,
    "generalAndAdministrativeExpenses": 0,
    "sellingAndMarketingExpenses": 0,
    "sellingGeneralAndAdministrativeExpenses": 219000000,
    "otherExpenses": 17000000,
    "operatingExpenses": 559000000,
    "costAndExpenses": 1392000000,
    "netInterestIncome": -46000000,
    "interestIncome": 3000000,
    "interestExpense": 49000000,
    "depreciationAndAmortization": 100000000,
    "ebitda": 589000000,
    "ebit": 489000000,
    "nonOperatingIncomeExcludingInterest": -307000000,
    "operatingIncome": 182000000,
    "totalOtherIncomeExpensesNet": 75000000,
    "incomeBeforeTax": 257000000,
    "incomeTaxExpense": 0,
    "netIncomeFromContinuingOperations": 257000000,
    "netIncomeFromDiscontinuedOperations": 0,
    "otherAdjustmentsToNetIncome": 0,
    "netIncome": 257000000,
    "netIncomeDeductions": 0,
    "bottomLineNetIncome": 257000000,
    "eps": 0.36,
    "epsDiluted": 0.35,
    "weightedAverageShsOut": 707000000,
    "weightedAverageShsOutDil": 754000000
  },
  {
    "date": "2009-12-26",
    "symbol": "AMD",
    "reportedCurrency": "USD",
    "cik": "0000002488",
    "filingDate": "2010-02-19",
    "acceptedDate": "2010-02-19 16:16:09",
    "fiscalYear": "2009",
    "period": "Q4",
    "revenue": 1646000000,
    "costOfRevenue": 911000000,
    "grossProfit": 735000000,
    "researchAndDevelopmentExpenses": 432000000,
    "generalAndAdministrativeExpenses": 0,
    "sellingAndMarketingExpenses": 0,
    "sellingGeneralAndAdministrativeExpenses": -1003000000,
    "otherExpenses": 18000000,
    "operatingExpenses": -553000000,
    "costAndExpenses": 358000000,
    "netInterestIncome": -116000000,
    "interestIncome": 3000000,
    "interestExpense": 119000000,
    "depreciationAndAmortization": 284000000,
    "ebitda": 1594000000,
    "ebit": 1310000000,
    "nonOperatingIncomeExcludingInterest": -22000000,
    "operatingIncome": 1288000000,
    "totalOtherIncomeExpensesNet": -97000000,
    "incomeBeforeTax": 1191000000,
    "incomeTaxExpense": 11000000,
    "netIncomeFromContinuingOperations": 1180000000,
    "netIncomeFromDiscontinuedOperations": -3000000,
    "otherAdjustmentsToNetIncome": 0,
    "netIncome": 1200000000,
    "netIncomeDeductions": 0,
    "bottomLineNetIncome": 1178000000,
    "eps": 1.71,
    "epsDiluted": 1.65,
    "weightedAverageShsOut": 690000000,
    "weightedAverageShsOutDil": 716000000
  },
  {
    "date": "2009-09-26",
    "symbol": "AMD",
    "reportedCurrency": "USD",
    "cik": "0000002488",
    "filingDate": "2009-11-04",
    "acceptedDate": "2009-11-04 16:16:29",
    "fiscalYear": "2009",
    "period": "Q3",
    "revenue": 1396000000,
    "costOfRevenue": 811000000,
    "grossProfit": 585000000,
    "researchAndDevelopmentExpenses": 420000000,
    "generalAndAdministrativeExpenses": 0,
    "sellingAndMarketingExpenses": 0,
    "sellingGeneralAndAdministrativeExpenses": 221000000,
    "otherExpenses": 21000000,
    "operatingExpenses": 662000000,
    "costAndExpenses": 1473000000,
    "netInterestIncome": -110000000,
    "interestIncome": 4000000,
    "interestExpense": 114000000,
    "depreciationAndAmortization": 282000000,
    "ebitda": 256000000,
    "ebit": -26000000,
    "nonOperatingIncomeExcludingInterest": -51000000,
    "operatingIncome": -77000000,
    "totalOtherIncomeExpensesNet": -63000000,
    "incomeBeforeTax": -140000000,
    "incomeTaxExpense": -5000000,
    "netIncomeFromContinuingOperations": -135000000,
    "netIncomeFromDiscontinuedOperations": 0,
    "otherAdjustmentsToNetIncome": 0,
    "netIncome": -106000000,
    "netIncomeDeductions": 0,
    "bottomLineNetIncome": -128000000,
    "eps": -0.18,
    "epsDiluted": -0.18,
    "weightedAverageShsOut": 694000000,
    "weightedAverageShsOutDil": 694000000
  },
  {
    "date": "2009-06-27",
    "symbol": "AMD",
    "reportedCurrency": "USD",
    "cik": "0000002488",
    "filingDate": "2009-08-05",
    "acceptedDate": "2009-08-05 16:13:51",
    "fiscalYear": "2009",
    "period": "Q2",
    "revenue": 1184000000,
    "costOfRevenue": 743000000,
    "grossProfit": 441000000,
    "researchAndDevelopmentExpenses": 425000000,
    "generalAndAdministrativeExpenses": 0,
    "sellingAndMarketingExpenses": 0,
    "sellingGeneralAndAdministrativeExpenses": 247000000,
    "otherExpenses": 18000000,
    "operatingExpenses": 690000000,
    "costAndExpenses": 1433000000,
    "netInterestIncome": -102000000,
    "interestIncome": 6000000,
    "interestExpense": 108000000,
    "depreciationAndAmortization": 282000000,
    "ebitda": 45000000,
    "ebit": -237000000,
    "nonOperatingIncomeExcludingInterest": -12000000,
    "operatingIncome": -249000000,
    "totalOtherIncomeExpensesNet": -96000000,
    "incomeBeforeTax": -345000000,
    "incomeTaxExpense": -10000000,
    "netIncomeFromContinuingOperations": -335000000,
    "netIncomeFromDiscontinuedOperations": 0,
    "otherAdjustmentsToNetIncome": 0,
    "netIncome": -310000000,
    "netIncomeDeductions": 0,
    "bottomLineNetIncome": -330000000,
    "eps": -0.49,
    "epsDiluted": -0.49,
    "weightedAverageShsOut": 667000000,
    "weightedAverageShsOutDil": 667000000
  },
  {
    "date": "2009-03-28",
    "symbol": "AMD",
    "reportedCurrency": "USD",
    "cik": "0000002488",
    "filingDate": "2009-05-06",
    "acceptedDate": "2009-05-06 17:05:34",
    "fiscalYear": "2009",
    "period": "Q1",
    "revenue": 1177000000,
    "costOfRevenue": 666000000,
    "grossProfit": 511000000,
    "researchAndDevelopmentExpenses": 444000000,
    "generalAndAdministrativeExpenses": 0,
    "sellingAndMarketingExpenses": 0,
    "sellingGeneralAndAdministrativeExpenses": 287000000,
    "otherExpenses": 78000000,
    "operatingExpenses": 809000000,
    "costAndExpenses": 1475000000,
    "netInterestIncome": -94000000,
    "interestIncome": 3000000,
    "interestExpense": 97000000,
    "depreciationAndAmortization": 280000000,
    "ebitda": 79000000,
    "ebit": -201000000,
    "nonOperatingIncomeExcludingInterest": -97000000,
    "operatingIncome": -298000000,
    "totalOtherIncomeExpensesNet": 0,
    "incomeBeforeTax": -298000000,
    "incomeTaxExpense": 116000000,
    "netIncomeFromContinuingOperations": -414000000,
    "netIncomeFromDiscontinuedOperations": 0,
    "otherAdjustmentsToNetIncome": 0,
    "netIncome": -408000000,
    "netIncomeDeductions": 0,
    "bottomLineNetIncome": -416000000,
    "eps": -0.66,
    "epsDiluted": -0.66,
    "weightedAverageShsOut": 626000000,
    "weightedAverageShsOutDil": 626000000
  },
  {
    "date": "2008-12-27",
    "symbol": "AMD",
    "reportedCurrency": "USD",
    "cik": "0000002488",
    "filingDate": "2009-02-24",
    "acceptedDate": "2009-02-24 16:32:20",
    "fiscalYear": "2008",
    "period": "Q4",
    "revenue": 1227000000,
    "costOfRevenue": 1112000000,
    "grossProfit": 115000000,
    "researchAndDevelopmentExpenses": 529000000,
    "generalAndAdministrativeExpenses": 0,
    "sellingAndMarketingExpenses": 0,
    "sellingGeneralAndAdministrativeExpenses": 320000000,
    "otherExpenses": 995000000,
    "operatingExpenses": 1844000000,
    "costAndExpenses": 2956000000,
    "netInterestIncome": -88000000,
    "interestIncome": 7000000,
    "interestExpense": 95000000,
    "depreciationAndAmortization": 303000000,
    "ebitda": -1375000000,
    "ebit": -1678000000,
    "nonOperatingIncomeExcludingInterest": -51000000,
    "operatingIncome": -1729000000,
    "totalOtherIncomeExpensesNet": -71000000,
    "incomeBeforeTax": -1800000000,
    "incomeTaxExpense": 69000000,
    "netIncomeFromContinuingOperations": -1869000000,
    "netIncomeFromDiscontinuedOperations": 445000000,
    "otherAdjustmentsToNetIncome": 6000000,
    "netIncome": -1424000000,
    "netIncomeDeductions": 0,
    "bottomLineNetIncome": -1424000000,
    "eps": -2.31,
    "epsDiluted": -2.31,
    "weightedAverageShsOut": 616500000,
    "weightedAverageShsOutDil": 616500000
  },
  {
    "date": "2008-09-27",
    "symbol": "AMD",
    "reportedCurrency": "USD",
    "cik": "0000002488",
    "filingDate": "2008-11-06",
    "acceptedDate": "2008-11-06 17:00:24",
    "fiscalYear": "2008",
    "period": "Q3",
    "revenue": 1797000000,
    "costOfRevenue": 881000000,
    "grossProfit": 916000000,
    "researchAndDevelopmentExpenses": 438000000,
    "generalAndAdministrativeExpenses": 0,
    "sellingAndMarketingExpenses": 0,
    "sellingGeneralAndAdministrativeExpenses": 315000000,
    "otherExpenses": 41000000,
    "operatingExpenses": 794000000,
    "costAndExpenses": 1675000000,
    "netInterestIncome": -87000000,
    "interestIncome": 7000000,
    "interestExpense": 94000000,
    "depreciationAndAmortization": 293000000,
    "ebitda": 409000000,
    "ebit": 116000000,
    "nonOperatingIncomeExcludingInterest": 6000000,
    "operatingIncome": 122000000,
    "totalOtherIncomeExpensesNet": -100000000,
    "incomeBeforeTax": 22000000,
    "incomeTaxExpense": -1000000,
    "netIncomeFromContinuingOperations": 23000000,
    "netIncomeFromDiscontinuedOperations": -150000000,
    "otherAdjustmentsToNetIncome": 0,
    "netIncome": -134000000,
    "netIncomeDeductions": 0,
    "bottomLineNetIncome": -134000000,
    "eps": -0.22,
    "epsDiluted": -0.22,
    "weightedAverageShsOut": 608000000,
    "weightedAverageShsOutDil": 608000000
  },
  {
    "date": "2008-06-28",
    "symbol": "AMD",
    "reportedCurrency": "USD",
    "cik": "0000002488",
    "filingDate": "2008-08-06",
    "acceptedDate": "2008-08-06 17:15:28",
    "fiscalYear": "2008",
    "period": "Q2",
    "revenue": 1362000000,
    "costOfRevenue": 851000000,
    "grossProfit": 511000000,
    "researchAndDevelopmentExpenses": 467000000,
    "generalAndAdministrativeExpenses": 0,
    "sellingAndMarketingExpenses": 0,
    "sellingGeneralAndAdministrativeExpenses": 335000000,
    "otherExpenses": 278000000,
    "operatingExpenses": 1080000000,
    "costAndExpenses": 1931000000,
    "netInterestIncome": -91000000,
    "interestIncome": 10000000,
    "interestExpense": 101000000,
    "depreciationAndAmortization": 310000000,
    "ebitda": -283000000,
    "ebit": -593000000,
    "nonOperatingIncomeExcludingInterest": 24000000,
    "operatingIncome": -569000000,
    "totalOtherIncomeExpensesNet": -125000000,
    "incomeBeforeTax": -694000000,
    "incomeTaxExpense": 0,
    "netIncomeFromContinuingOperations": -694000000,
    "netIncomeFromDiscontinuedOperations": -494000000,
    "otherAdjustmentsToNetIncome": 0,
    "netIncome": -1195000000,
    "netIncomeDeductions": 0,
    "bottomLineNetIncome": -1195000000,
    "eps": -1.97,
    "epsDiluted": -1.97,
    "weightedAverageShsOut": 607000000,
    "weightedAverageShsOutDil": 607000000
  },
  {
    "date": "2008-03-29",
    "symbol": "AMD",
    "reportedCurrency": "USD",
    "cik": "0000002488",
    "filingDate": "2008-05-07",
    "acceptedDate": "2008-05-07 13:34:54",
    "fiscalYear": "2008",
    "period": "Q1",
    "revenue": 1487000000,
    "costOfRevenue": 866000000,
    "grossProfit": 621000000,
    "researchAndDevelopmentExpenses": 478000000,
    "generalAndAdministrativeExpenses": 0,
    "sellingAndMarketingExpenses": 0,
    "sellingGeneralAndAdministrativeExpenses": 337000000,
    "otherExpenses": 40000000,
    "operatingExpenses": 855000000,
    "costAndExpenses": 1721000000,
    "netInterestIncome": -86000000,
    "interestIncome": 15000000,
    "interestExpense": 101000000,
    "depreciationAndAmortization": 317000000,
    "ebitda": 97000000,
    "ebit": -220000000,
    "nonOperatingIncomeExcludingInterest": -14000000,
    "operatingIncome": -234000000,
    "totalOtherIncomeExpensesNet": -87000000,
    "incomeBeforeTax": -321000000,
    "incomeTaxExpense": 0,
    "netIncomeFromContinuingOperations": -321000000,
    "netIncomeFromDiscontinuedOperations": -30000000,
    "otherAdjustmentsToNetIncome": 0,
    "netIncome": -364000000,
    "netIncomeDeductions": 0,
    "bottomLineNetIncome": -364000000,
    "eps": -0.6,
    "epsDiluted": -0.6,
    "weightedAverageShsOut": 606000000,
    "weightedAverageShsOutDil": 606000000
  },
  {
    "date": "2007-12-29",
    "symbol": "AMD",
    "reportedCurrency": "USD",
    "cik": "0000002488",
    "filingDate": "2008-02-26",
    "acceptedDate": "2008-02-26 15:11:24",
    "fiscalYear": "2007",
    "period": "Q4",
    "revenue": 1770000000,
    "costOfRevenue": 985000000,
    "grossProfit": 785000000,
    "researchAndDevelopmentExpenses": 473000000,
    "generalAndAdministrativeExpenses": 0,
    "sellingAndMarketingExpenses": 0,
    "sellingGeneralAndAdministrativeExpenses": 321000000,
    "otherExpenses": 1669000000,
    "operatingExpenses": 2463000000,
    "costAndExpenses": 3448000000,
    "netInterestIncome": 0,
    "interestIncome": 0,
    "interestExpense": 0,
    "depreciationAndAmortization": 291000000,
    "ebitda": -1387000000,
    "ebit": -1678000000,
    "nonOperatingIncomeExcludingInterest": 0,
    "operatingIncome": -1678000000,
    "totalOtherIncomeExpensesNet": -153000000,
    "incomeBeforeTax": -1831000000,
    "incomeTaxExpense": -59000000,
    "netIncomeFromContinuingOperations": -1772000000,
    "netIncomeFromDiscontinuedOperations": 0,
    "otherAdjustmentsToNetIncome": 9000000,
    "netIncome": -1772000000,
    "netIncomeDeductions": 0,
    "bottomLineNetIncome": -1772000000,
    "eps": -3.04,
    "epsDiluted": -3.04,
    "weightedAverageShsOut": 582000000,
    "weightedAverageShsOutDil": 582000000
  },
  {
    "date": "2007-09-29",
    "symbol": "AMD",
    "reportedCurrency": "USD",
    "cik": "0000002488",
    "filingDate": "2007-11-07",
    "acceptedDate": "2007-11-07 14:56:03",
    "fiscalYear": "2007",
    "period": "Q3",
    "revenue": 1558000000,
    "costOfRevenue": 923000000,
    "grossProfit": 635000000,
    "researchAndDevelopmentExpenses": 431000000,
    "generalAndAdministrativeExpenses": 0,
    "sellingAndMarketingExpenses": 0,
    "sellingGeneralAndAdministrativeExpenses": 346000000,
    "otherExpenses": 39000000,
    "operatingExpenses": 816000000,
    "costAndExpenses": 1739000000,
    "netInterestIncome": 0,
    "interestIncome": 0,
    "interestExpense": 0,
    "depreciationAndAmortization": 334000000,
    "ebitda": 153000000,
    "ebit": -181000000,
    "nonOperatingIncomeExcludingInterest": 0,
    "operatingIncome": -181000000,
    "totalOtherIncomeExpensesNet": -143000000,
    "incomeBeforeTax": -324000000,
    "incomeTaxExpense": 20000000,
    "netIncomeFromContinuingOperations": -344000000,
    "netIncomeFromDiscontinuedOperations": -52000000,
    "otherAdjustmentsToNetIncome": 9000000,
    "netIncome": -396000000,
    "netIncomeDeductions": 0,
    "bottomLineNetIncome": -396000000,
    "eps": -0.71,
    "epsDiluted": -0.71,
    "weightedAverageShsOut": 554000000,
    "weightedAverageShsOutDil": 554000000
  },
  {
    "date": "2007-06-30",
    "symbol": "AMD",
    "reportedCurrency": "USD",
    "cik": "0000002488",
    "filingDate": "2007-08-07",
    "acceptedDate": "2007-08-07 06:22:04",
    "fiscalYear": "2007",
    "period": "Q2",
    "revenue": 1378000000,
    "costOfRevenue": 917000000,
    "grossProfit": 461000000,
    "researchAndDevelopmentExpenses": 475000000,
    "generalAndAdministrativeExpenses": 0,
    "sellingAndMarketingExpenses": 0,
    "sellingGeneralAndAdministrativeExpenses": 365000000,
    "otherExpenses": 78000000,
    "operatingExpenses": 918000000,
    "costAndExpenses": 1835000000,
    "netInterestIncome": 0,
    "interestIncome": 0,
    "interestExpense": 0,
    "depreciationAndAmortization": 326000000,
    "ebitda": -131000000,
    "ebit": -457000000,
    "nonOperatingIncomeExcludingInterest": 0,
    "operatingIncome": -457000000,
    "totalOtherIncomeExpensesNet": -111000000,
    "incomeBeforeTax": -568000000,
    "incomeTaxExpense": 32000000,
    "netIncomeFromContinuingOperations": -600000000,
    "netIncomeFromDiscontinuedOperations": 0,
    "otherAdjustmentsToNetIncome": 9000000,
    "netIncome": -600000000,
    "netIncomeDeductions": 0,
    "bottomLineNetIncome": -600000000,
    "eps": -1.09,
    "epsDiluted": -1.09,
    "weightedAverageShsOut": 552000000,
    "weightedAverageShsOutDil": 552000000
  },
  {
    "date": "2007-03-31",
    "symbol": "AMD",
    "reportedCurrency": "USD",
    "cik": "0000002488",
    "filingDate": "2007-05-09",
    "acceptedDate": "2007-05-09 16:22:07",
    "fiscalYear": "2007",
    "period": "Q1",
    "revenue": 1233000000,
    "costOfRevenue": 886000000,
    "grossProfit": 347000000,
    "researchAndDevelopmentExpenses": 432000000,
    "generalAndAdministrativeExpenses": 0,
    "sellingAndMarketingExpenses": 0,
    "sellingGeneralAndAdministrativeExpenses": 335000000,
    "otherExpenses": 84000000,
    "operatingExpenses": 851000000,
    "costAndExpenses": 1737000000,
    "netInterestIncome": 0,
    "interestIncome": 0,
    "interestExpense": 0,
    "depreciationAndAmortization": 314000000,
    "ebitda": -190000000,
    "ebit": -504000000,
    "nonOperatingIncomeExcludingInterest": 0,
    "operatingIncome": -504000000,
    "totalOtherIncomeExpensesNet": -84000000,
    "incomeBeforeTax": -588000000,
    "incomeTaxExpense": 23000000,
    "netIncomeFromContinuingOperations": -611000000,
    "netIncomeFromDiscontinuedOperations": 0,
    "otherAdjustmentsToNetIncome": 8000000,
    "netIncome": -611000000,
    "netIncomeDeductions": 0,
    "bottomLineNetIncome": -611000000,
    "eps": -1.11,
    "epsDiluted": -1.11,
    "weightedAverageShsOut": 549000000,
    "weightedAverageShsOutDil": 549000000
  },
  {
    "date": "2006-12-31",
    "symbol": "AMD",
    "reportedCurrency": "USD",
    "cik": "0000002488",
    "filingDate": "2007-03-01",
    "acceptedDate": "2007-03-01 14:49:10",
    "fiscalYear": "2006",
    "period": "Q4",
    "revenue": 1772853000,
    "costOfRevenue": 1131337000,
    "grossProfit": 641516000,
    "researchAndDevelopmentExpenses": 384770000,
    "generalAndAdministrativeExpenses": 0,
    "sellingAndMarketingExpenses": 0,
    "sellingGeneralAndAdministrativeExpenses": 288627000,
    "otherExpenses": 495000000,
    "operatingExpenses": 1168397000,
    "costAndExpenses": 2299734000,
    "netInterestIncome": 0,
    "interestIncome": 0,
    "interestExpense": 0,
    "depreciationAndAmortization": 380579000,
    "ebitda": 269698000,
    "ebit": -110881000,
    "nonOperatingIncomeExcludingInterest": -416000000,
    "operatingIncome": -526881000,
    "totalOtherIncomeExpensesNet": -56667000,
    "incomeBeforeTax": -583548000,
    "incomeTaxExpense": -9722000,
    "netIncomeFromContinuingOperations": -573826000,
    "netIncomeFromDiscontinuedOperations": 0,
    "otherAdjustmentsToNetIncome": 7529000,
    "netIncome": -573826000,
    "netIncomeDeductions": 0,
    "bottomLineNetIncome": -573826000,
    "eps": -1.1,
    "epsDiluted": -1.1,
    "weightedAverageShsOut": 520500000,
    "weightedAverageShsOutDil": 520500000
  },
  {
    "date": "2006-10-01",
    "symbol": "AMD",
    "reportedCurrency": "USD",
    "cik": "0000002488",
    "filingDate": "2006-11-09",
    "acceptedDate": "2006-11-09 17:15:28",
    "fiscalYear": "2006",
    "period": "Q3",
    "revenue": 1328000000,
    "costOfRevenue": 645000000,
    "grossProfit": 683000000,
    "researchAndDevelopmentExpenses": 277000000,
    "generalAndAdministrativeExpenses": 0,
    "sellingAndMarketingExpenses": 0,
    "sellingGeneralAndAdministrativeExpenses": 279000000,
    "otherExpenses": 6000000,
    "operatingExpenses": 562000000,
    "costAndExpenses": 1207000000,
    "netInterestIncome": 0,
    "interestIncome": 0,
    "interestExpense": 0,
    "depreciationAndAmortization": 89538000,
    "ebitda": 210538000,
    "ebit": 121000000,
    "nonOperatingIncomeExcludingInterest": 0,
    "operatingIncome": 121000000,
    "totalOtherIncomeExpensesNet": -6000000,
    "incomeBeforeTax": 115000000,
    "incomeTaxExpense": -21000000,
    "netIncomeFromContinuingOperations": 136000000,
    "netIncomeFromDiscontinuedOperations": 0,
    "otherAdjustmentsToNetIncome": 7000000,
    "netIncome": 136000000,
    "netIncomeDeductions": 0,
    "bottomLineNetIncome": 136000000,
    "eps": 0.28,
    "epsDiluted": 0.27,
    "weightedAverageShsOut": 486000000,
    "weightedAverageShsOutDil": 497000000
  },
  {
    "date": "2006-07-02",
    "symbol": "AMD",
    "reportedCurrency": "USD",
    "cik": "0000002488",
    "filingDate": "2006-08-11",
    "acceptedDate": "2006-08-10 17:57:16",
    "fiscalYear": "2006",
    "period": "Q2",
    "revenue": 1216367000,
    "costOfRevenue": 526059000,
    "grossProfit": 690308000,
    "researchAndDevelopmentExpenses": 278674000,
    "generalAndAdministrativeExpenses": 0,
    "sellingAndMarketingExpenses": 0,
    "sellingGeneralAndAdministrativeExpenses": 309525000,
    "otherExpenses": 0,
    "operatingExpenses": 588199000,
    "costAndExpenses": 1114258000,
    "netInterestIncome": 0,
    "interestIncome": 0,
    "interestExpense": 0,
    "depreciationAndAmortization": 192462000,
    "ebitda": 294571000,
    "ebit": 102109000,
    "nonOperatingIncomeExcludingInterest": 0,
    "operatingIncome": 102109000,
    "totalOtherIncomeExpensesNet": 5039000,
    "incomeBeforeTax": 107148000,
    "incomeTaxExpense": 18301000,
    "netIncomeFromContinuingOperations": 88847000,
    "netIncomeFromDiscontinuedOperations": 0,
    "otherAdjustmentsToNetIncome": 7183000,
    "netIncome": 88847000,
    "netIncomeDeductions": 0,
    "bottomLineNetIncome": 88847000,
    "eps": 0.18,
    "epsDiluted": 0.18,
    "weightedAverageShsOut": 484541000,
    "weightedAverageShsOutDil": 500176000
  },
  {
    "date": "2006-03-26",
    "symbol": "AMD",
    "reportedCurrency": "USD",
    "cik": "0000002488",
    "filingDate": "2006-05-05",
    "acceptedDate": "2006-05-04 20:17:54",
    "fiscalYear": "2006",
    "period": "Q1",
    "revenue": 1332000000,
    "costOfRevenue": 553000000,
    "grossProfit": 779000000,
    "researchAndDevelopmentExpenses": 264000000,
    "generalAndAdministrativeExpenses": 0,
    "sellingAndMarketingExpenses": 0,
    "sellingGeneralAndAdministrativeExpenses": 256000000,
    "otherExpenses": 0,
    "operatingExpenses": 520000000,
    "costAndExpenses": 1073000000,
    "netInterestIncome": 0,
    "interestIncome": 0,
    "interestExpense": 0,
    "depreciationAndAmortization": 174000000,
    "ebitda": 433000000,
    "ebit": 259000000,
    "nonOperatingIncomeExcludingInterest": 0,
    "operatingIncome": 259000000,
    "totalOtherIncomeExpensesNet": -39000000,
    "incomeBeforeTax": 220000000,
    "incomeTaxExpense": 35000000,
    "netIncomeFromContinuingOperations": 185000000,
    "netIncomeFromDiscontinuedOperations": 0,
    "otherAdjustmentsToNetIncome": 6000000,
    "netIncome": 185000000,
    "netIncomeDeductions": 0,
    "bottomLineNetIncome": 185000000,
    "eps": 0.4,
    "epsDiluted": 0.38,
    "weightedAverageShsOut": 464080000,
    "weightedAverageShsOutDil": 495326000
  },
  {
    "date": "2005-12-25",
    "symbol": "AMD",
    "reportedCurrency": "USD",
    "cik": "0000002488",
    "filingDate": "2006-02-27",
    "acceptedDate": "2006-02-27 17:17:21",
    "fiscalYear": "2005",
    "period": "Q4",
    "revenue": 1838276000,
    "costOfRevenue": 986149000,
    "grossProfit": 852127000,
    "researchAndDevelopmentExpenses": 329301000,
    "generalAndAdministrativeExpenses": 0,
    "sellingAndMarketingExpenses": 0,
    "sellingGeneralAndAdministrativeExpenses": 317111000,
    "otherExpenses": 0,
    "operatingExpenses": 646412000,
    "costAndExpenses": 1632561000,
    "netInterestIncome": 0,
    "interestIncome": 0,
    "interestExpense": 0,
    "depreciationAndAmortization": 277258000,
    "ebitda": 482973000,
    "ebit": 205715000,
    "nonOperatingIncomeExcludingInterest": 0,
    "operatingIncome": 205715000,
    "totalOtherIncomeExpensesNet": -111412000,
    "incomeBeforeTax": 94303000,
    "incomeTaxExpense": -1284000,
    "netIncomeFromContinuingOperations": 95587000,
    "netIncomeFromDiscontinuedOperations": 0,
    "otherAdjustmentsToNetIncome": -19166000,
    "netIncome": 95587000,
    "netIncomeDeductions": 0,
    "bottomLineNetIncome": 95587000,
    "eps": 0.22,
    "epsDiluted": 0.2,
    "weightedAverageShsOut": 432042000,
    "weightedAverageShsOutDil": 468051000
  },
  {
    "date": "2005-09-25",
    "symbol": "AMD",
    "reportedCurrency": "USD",
    "cik": "0000002488",
    "filingDate": "2005-11-03",
    "acceptedDate": "2005-11-03 14:28:40",
    "fiscalYear": "2005",
    "period": "Q3",
    "revenue": 1522755000,
    "costOfRevenue": 896261000,
    "grossProfit": 626494000,
    "researchAndDevelopmentExpenses": 289018000,
    "generalAndAdministrativeExpenses": 0,
    "sellingAndMarketingExpenses": 0,
    "sellingGeneralAndAdministrativeExpenses": 258748000,
    "otherExpenses": 0,
    "operatingExpenses": 547766000,
    "costAndExpenses": 1444027000,
    "netInterestIncome": 0,
    "interestIncome": 0,
    "interestExpense": 0,
    "depreciationAndAmortization": 290750000,
    "ebitda": 369478000,
    "ebit": 78728000,
    "nonOperatingIncomeExcludingInterest": 0,
    "operatingIncome": 78728000,
    "totalOtherIncomeExpensesNet": -3334000,
    "incomeBeforeTax": 75394000,
    "incomeTaxExpense": -606000,
    "netIncomeFromContinuingOperations": 76000000,
    "netIncomeFromDiscontinuedOperations": 0,
    "otherAdjustmentsToNetIncome": -21227000,
    "netIncome": 76000000,
    "netIncomeDeductions": 0,
    "bottomLineNetIncome": 76000000,
    "eps": 0.19,
    "epsDiluted": 0.18,
    "weightedAverageShsOut": 399025000,
    "weightedAverageShsOutDil": 443681000
  },
  {
    "date": "2005-06-26",
    "symbol": "AMD",
    "reportedCurrency": "USD",
    "cik": "0000002488",
    "filingDate": "2005-08-04",
    "acceptedDate": "2005-08-04 17:16:28",
    "fiscalYear": "2005",
    "period": "Q2",
    "revenue": 1259918000,
    "costOfRevenue": 765954000,
    "grossProfit": 493964000,
    "researchAndDevelopmentExpenses": 272584000,
    "generalAndAdministrativeExpenses": 0,
    "sellingAndMarketingExpenses": 0,
    "sellingGeneralAndAdministrativeExpenses": 228511000,
    "otherExpenses": 0,
    "operatingExpenses": 501095000,
    "costAndExpenses": 1267049000,
    "netInterestIncome": 0,
    "interestIncome": 0,
    "interestExpense": 0,
    "depreciationAndAmortization": 318455000,
    "ebitda": 311324000,
    "ebit": -7131000,
    "nonOperatingIncomeExcludingInterest": 0,
    "operatingIncome": -7131000,
    "totalOtherIncomeExpensesNet": 15350000,
    "incomeBeforeTax": 8219000,
    "incomeTaxExpense": -3100000,
    "netIncomeFromContinuingOperations": 11319000,
    "netIncomeFromDiscontinuedOperations": 0,
    "otherAdjustmentsToNetIncome": -37905000,
    "netIncome": 11319000,
    "netIncomeDeductions": 0,
    "bottomLineNetIncome": 11319000,
    "eps": 0.03,
    "epsDiluted": 0.03,
    "weightedAverageShsOut": 395414000,
    "weightedAverageShsOutDil": 405739000
  },
  {
    "date": "2005-03-27",
    "symbol": "AMD",
    "reportedCurrency": "USD",
    "cik": "0000002488",
    "filingDate": "2005-05-06",
    "acceptedDate": "2005-05-06 16:46:46",
    "fiscalYear": "2005",
    "period": "Q1",
    "revenue": 1226628000,
    "costOfRevenue": 807449000,
    "grossProfit": 419179000,
    "researchAndDevelopmentExpenses": 253122000,
    "generalAndAdministrativeExpenses": 0,
    "sellingAndMarketingExpenses": 0,
    "sellingGeneralAndAdministrativeExpenses": 211714000,
    "otherExpenses": 0,
    "operatingExpenses": 464836000,
    "costAndExpenses": 1272285000,
    "netInterestIncome": 0,
    "interestIncome": 0,
    "interestExpense": 0,
    "depreciationAndAmortization": 332881000,
    "ebitda": 287224000,
    "ebit": -45657000,
    "nonOperatingIncomeExcludingInterest": 0,
    "operatingIncome": -45657000,
    "totalOtherIncomeExpensesNet": 26582000,
    "incomeBeforeTax": -19075000,
    "incomeTaxExpense": -1652000,
    "netIncomeFromContinuingOperations": -17423000,
    "netIncomeFromDiscontinuedOperations": 0,
    "otherAdjustmentsToNetIncome": -46853000,
    "netIncome": -17423000,
    "netIncomeDeductions": 0,
    "bottomLineNetIncome": -17423000,
    "eps": -0.0443,
    "epsDiluted": -0.0443,
    "weightedAverageShsOut": 393077000,
    "weightedAverageShsOutDil": 393077000
  },
  {
    "date": "2004-12-26",
    "symbol": "AMD",
    "reportedCurrency": "USD",
    "cik": "0000002488",
    "filingDate": "2005-03-01",
    "acceptedDate": "2005-03-01 16:42:59",
    "fiscalYear": "2004",
    "period": "Q4",
    "revenue": 1263706000,
    "costOfRevenue": 742650000,
    "grossProfit": 521056000,
    "researchAndDevelopmentExpenses": 252767000,
    "generalAndAdministrativeExpenses": 0,
    "sellingAndMarketingExpenses": 0,
    "sellingGeneralAndAdministrativeExpenses": 245622000,
    "otherExpenses": 3942000,
    "operatingExpenses": 502331000,
    "costAndExpenses": 1244981000,
    "netInterestIncome": 0,
    "interestIncome": 0,
    "interestExpense": 0,
    "depreciationAndAmortization": 329148000,
    "ebitda": 350815000,
    "ebit": 21667000,
    "nonOperatingIncomeExcludingInterest": -2942000,
    "operatingIncome": 18725000,
    "totalOtherIncomeExpensesNet": -53669000,
    "incomeBeforeTax": -34944000,
    "incomeTaxExpense": -4981000,
    "netIncomeFromContinuingOperations": -29963000,
    "netIncomeFromDiscontinuedOperations": 0,
    "otherAdjustmentsToNetIncome": -16831000,
    "netIncome": -29963000,
    "netIncomeDeductions": 0,
    "bottomLineNetIncome": -29963000,
    "eps": -0.0797,
    "epsDiluted": -0.0784,
    "weightedAverageShsOut": 375981500,
    "weightedAverageShsOutDil": 382071500
  },
  {
    "date": "2004-09-26",
    "symbol": "AMD",
    "reportedCurrency": "USD",
    "cik": "0000002488",
    "filingDate": "2004-11-04",
    "acceptedDate": "2004-11-04 17:26:44",
    "fiscalYear": "2004",
    "period": "Q3",
    "revenue": 1239459000,
    "costOfRevenue": 738026000,
    "grossProfit": 501433000,
    "researchAndDevelopmentExpenses": 230896000,
    "generalAndAdministrativeExpenses": 0,
    "sellingAndMarketingExpenses": 0,
    "sellingGeneralAndAdministrativeExpenses": 202179000,
    "otherExpenses": 0,
    "operatingExpenses": 433075000,
    "costAndExpenses": 1171101000,
    "netInterestIncome": 0,
    "interestIncome": 0,
    "interestExpense": 0,
    "depreciationAndAmortization": 304731000,
    "ebitda": 373089000,
    "ebit": 68358000,
    "nonOperatingIncomeExcludingInterest": 0,
    "operatingIncome": 68358000,
    "totalOtherIncomeExpensesNet": -19638000,
    "incomeBeforeTax": 48720000,
    "incomeTaxExpense": 4872000,
    "netIncomeFromContinuingOperations": 43848000,
    "netIncomeFromDiscontinuedOperations": 0,
    "otherAdjustmentsToNetIncome": -3008000,
    "netIncome": 43848000,
    "netIncomeDeductions": 0,
    "bottomLineNetIncome": 43848000,
    "eps": 0.12,
    "epsDiluted": 0.12,
    "weightedAverageShsOut": 355254000,
    "weightedAverageShsOutDil": 417576000
  },
  {
    "date": "2004-06-27",
    "symbol": "AMD",
    "reportedCurrency": "USD",
    "cik": "0000002488",
    "filingDate": "2004-08-05",
    "acceptedDate": "2004-08-05 17:31:09",
    "fiscalYear": "2004",
    "period": "Q2",
    "revenue": 1261837000,
    "costOfRevenue": 783069000,
    "grossProfit": 478768000,
    "researchAndDevelopmentExpenses": 224821000,
    "generalAndAdministrativeExpenses": 0,
    "sellingAndMarketingExpenses": 0,
    "sellingGeneralAndAdministrativeExpenses": 178993000,
    "otherExpenses": 2514000,
    "operatingExpenses": 406328000,
    "costAndExpenses": 1189397000,
    "netInterestIncome": 0,
    "interestIncome": 0,
    "interestExpense": 0,
    "depreciationAndAmortization": 292393000,
    "ebitda": 367347000,
    "ebit": 74954000,
    "nonOperatingIncomeExcludingInterest": -2514000,
    "operatingIncome": 72440000,
    "totalOtherIncomeExpensesNet": -36686000,
    "incomeBeforeTax": 35754000,
    "incomeTaxExpense": 3574000,
    "netIncomeFromContinuingOperations": 32180000,
    "netIncomeFromDiscontinuedOperations": 0,
    "otherAdjustmentsToNetIncome": 6527000,
    "netIncome": 32180000,
    "netIncomeDeductions": 0,
    "bottomLineNetIncome": 32180000,
    "eps": 0.09,
    "epsDiluted": 0.09,
    "weightedAverageShsOut": 353655000,
    "weightedAverageShsOutDil": 420053000
  },
  {
    "date": "2004-03-28",
    "symbol": "AMD",
    "reportedCurrency": "USD",
    "cik": "0000002488",
    "filingDate": "2004-05-06",
    "acceptedDate": "2004-05-06 17:09:54",
    "fiscalYear": "2004",
    "period": "Q1",
    "revenue": 1236433000,
    "costOfRevenue": 768840000,
    "grossProfit": 467593000,
    "researchAndDevelopmentExpenses": 226090000,
    "generalAndAdministrativeExpenses": 0,
    "sellingAndMarketingExpenses": 0,
    "sellingGeneralAndAdministrativeExpenses": 180217000,
    "otherExpenses": 0,
    "operatingExpenses": 406307000,
    "costAndExpenses": 1175147000,
    "netInterestIncome": 0,
    "interestIncome": 0,
    "interestExpense": 0,
    "depreciationAndAmortization": 297980000,
    "ebitda": 359266000,
    "ebit": 61286000,
    "nonOperatingIncomeExcludingInterest": 0,
    "operatingIncome": 61286000,
    "totalOtherIncomeExpensesNet": -13822000,
    "incomeBeforeTax": 47464000,
    "incomeTaxExpense": 2373000,
    "netIncomeFromContinuingOperations": 45091000,
    "netIncomeFromDiscontinuedOperations": 0,
    "otherAdjustmentsToNetIncome": -5351000,
    "netIncome": 45091000,
    "netIncomeDeductions": 0,
    "bottomLineNetIncome": 45091000,
    "eps": 0.13,
    "epsDiluted": 0.12,
    "weightedAverageShsOut": 351328000,
    "weightedAverageShsOutDil": 417963000
  },
  {
    "date": "2003-12-28",
    "symbol": "AMD",
    "reportedCurrency": "USD",
    "cik": "0000002488",
    "filingDate": "2004-03-09",
    "acceptedDate": "2004-03-09 15:11:42",
    "fiscalYear": "2003",
    "period": "Q4",
    "revenue": 1205593000,
    "costOfRevenue": 778507000,
    "grossProfit": 427086000,
    "researchAndDevelopmentExpenses": 226503000,
    "generalAndAdministrativeExpenses": 0,
    "sellingAndMarketingExpenses": 0,
    "sellingGeneralAndAdministrativeExpenses": 162807000,
    "otherExpenses": -8039000,
    "operatingExpenses": 381271000,
    "costAndExpenses": 1159778000,
    "netInterestIncome": 0,
    "interestIncome": 0,
    "interestExpense": 0,
    "depreciationAndAmortization": 287311000,
    "ebitda": 325087000,
    "ebit": 37776000,
    "nonOperatingIncomeExcludingInterest": 8039000,
    "operatingIncome": 45815000,
    "totalOtherIncomeExpensesNet": -2622000,
    "incomeBeforeTax": 43193000,
    "incomeTaxExpense": 0,
    "netIncomeFromContinuingOperations": 43193000,
    "netIncomeFromDiscontinuedOperations": 0,
    "otherAdjustmentsToNetIncome": -19408000,
    "netIncome": 43193000,
    "netIncomeDeductions": 0,
    "bottomLineNetIncome": 43193000,
    "eps": 0.12,
    "epsDiluted": 0.11,
    "weightedAverageShsOut": 349131000,
    "weightedAverageShsOutDil": 382448500
  },
  {
    "date": "2003-09-28",
    "symbol": "AMD",
    "reportedCurrency": "USD",
    "cik": "0000002488",
    "filingDate": "2003-11-12",
    "acceptedDate": "2003-11-12 15:50:05",
    "fiscalYear": "2003",
    "period": "Q3",
    "revenue": 953759000,
    "costOfRevenue": 626880000,
    "grossProfit": 326879000,
    "researchAndDevelopmentExpenses": 213997000,
    "generalAndAdministrativeExpenses": 0,
    "sellingAndMarketingExpenses": 0,
    "sellingGeneralAndAdministrativeExpenses": 151111000,
    "otherExpenses": -8000000,
    "operatingExpenses": 357108000,
    "costAndExpenses": 983988000,
    "netInterestIncome": 0,
    "interestIncome": 0,
    "interestExpense": 0,
    "depreciationAndAmortization": 285030000,
    "ebitda": 246801000,
    "ebit": -38229000,
    "nonOperatingIncomeExcludingInterest": 8000000,
    "operatingIncome": -30229000,
    "totalOtherIncomeExpensesNet": -1002000,
    "incomeBeforeTax": -31231000,
    "incomeTaxExpense": 0,
    "netIncomeFromContinuingOperations": -31231000,
    "netIncomeFromDiscontinuedOperations": 0,
    "otherAdjustmentsToNetIncome": -25353000,
    "netIncome": -31231000,
    "netIncomeDeductions": 0,
    "bottomLineNetIncome": -31231000,
    "eps": -0.0899,
    "epsDiluted": -0.0899,
    "weightedAverageShsOut": 347334000,
    "weightedAverageShsOutDil": 347334000
  },
  {
    "date": "2003-06-29",
    "symbol": "AMD",
    "reportedCurrency": "USD",
    "cik": "0000002488",
    "filingDate": "2003-08-12",
    "acceptedDate": "2003-08-12 11:21:12",
    "fiscalYear": "2003",
    "period": "Q2",
    "revenue": 645261000,
    "costOfRevenue": 425085000,
    "grossProfit": 220176000,
    "researchAndDevelopmentExpenses": 208513000,
    "generalAndAdministrativeExpenses": 0,
    "sellingAndMarketingExpenses": 0,
    "sellingGeneralAndAdministrativeExpenses": 135161000,
    "otherExpenses": 0,
    "operatingExpenses": 343674000,
    "costAndExpenses": 768759000,
    "netInterestIncome": 0,
    "interestIncome": 0,
    "interestExpense": 0,
    "depreciationAndAmortization": 213568000,
    "ebitda": 90070000,
    "ebit": -123498000,
    "nonOperatingIncomeExcludingInterest": 0,
    "operatingIncome": -123498000,
    "totalOtherIncomeExpensesNet": -16598000,
    "incomeBeforeTax": -140096000,
    "incomeTaxExpense": 0,
    "netIncomeFromContinuingOperations": -140096000,
    "netIncomeFromDiscontinuedOperations": 0,
    "otherAdjustmentsToNetIncome": 0,
    "netIncome": -140096000,
    "netIncomeDeductions": 0,
    "bottomLineNetIncome": -140096000,
    "eps": -0.4,
    "epsDiluted": -0.4,
    "weightedAverageShsOut": 346320000,
    "weightedAverageShsOutDil": 346320000
  },
  {
    "date": "2003-03-30",
    "symbol": "AMD",
    "reportedCurrency": "USD",
    "cik": "0000002488",
    "filingDate": "2003-05-13",
    "acceptedDate": "2003-05-13 12:50:30",
    "fiscalYear": "2003",
    "period": "Q1",
    "revenue": 714555000,
    "costOfRevenue": 496592000,
    "grossProfit": 217963000,
    "researchAndDevelopmentExpenses": 203062000,
    "generalAndAdministrativeExpenses": 0,
    "sellingAndMarketingExpenses": 0,
    "sellingGeneralAndAdministrativeExpenses": 138228000,
    "otherExpenses": 2146000,
    "operatingExpenses": 343436000,
    "costAndExpenses": 840028000,
    "netInterestIncome": 0,
    "interestIncome": 0,
    "interestExpense": 0,
    "depreciationAndAmortization": 209754000,
    "ebitda": 86427000,
    "ebit": -123327000,
    "nonOperatingIncomeExcludingInterest": -2146000,
    "operatingIncome": -125473000,
    "totalOtherIncomeExpensesNet": -17947000,
    "incomeBeforeTax": -143420000,
    "incomeTaxExpense": 2936000,
    "netIncomeFromContinuingOperations": -146356000,
    "netIncomeFromDiscontinuedOperations": 0,
    "otherAdjustmentsToNetIncome": 0,
    "netIncome": -146356000,
    "netIncomeDeductions": 0,
    "bottomLineNetIncome": -146356000,
    "eps": -0.42,
    "epsDiluted": -0.42,
    "weightedAverageShsOut": 345012000,
    "weightedAverageShsOutDil": 345012000
  },
  {
    "date": "2002-12-29",
    "symbol": "AMD",
    "reportedCurrency": "USD",
    "cik": "0000002488",
    "filingDate": "2003-03-14",
    "acceptedDate": "2003-03-14 17:05:36",
    "fiscalYear": "2002",
    "period": "Q4",
    "revenue": 686430000,
    "costOfRevenue": 506613000,
    "grossProfit": 179817000,
    "researchAndDevelopmentExpenses": 244848000,
    "generalAndAdministrativeExpenses": 0,
    "sellingAndMarketingExpenses": 0,
    "sellingGeneralAndAdministrativeExpenses": 194389000,
    "otherExpenses": 330575000,
    "operatingExpenses": 769812000,
    "costAndExpenses": 1276425000,
    "netInterestIncome": 0,
    "interestIncome": 0,
    "interestExpense": 0,
    "depreciationAndAmortization": 199867000,
    "ebitda": -59553000,
    "ebit": -259420000,
    "nonOperatingIncomeExcludingInterest": -330575000,
    "operatingIncome": -589995000,
    "totalOtherIncomeExpensesNet": -21275000,
    "incomeBeforeTax": -611270000,
    "incomeTaxExpense": 243470000,
    "netIncomeFromContinuingOperations": -854740000,
    "netIncomeFromDiscontinuedOperations": 0,
    "otherAdjustmentsToNetIncome": 0,
    "netIncome": -854740000,
    "netIncomeDeductions": 0,
    "bottomLineNetIncome": -854740000,
    "eps": -2.49,
    "epsDiluted": -2.49,
    "weightedAverageShsOut": 343506000,
    "weightedAverageShsOutDil": 343506000
  },
  {
    "date": "2002-09-29",
    "symbol": "AMD",
    "reportedCurrency": "USD",
    "cik": "0000002488",
    "filingDate": "2002-11-13",
    "acceptedDate": "2002-11-13 08:47:26",
    "fiscalYear": "2002",
    "period": "Q3",
    "revenue": 508227000,
    "costOfRevenue": 453884000,
    "grossProfit": 54343000,
    "researchAndDevelopmentExpenses": 220959000,
    "generalAndAdministrativeExpenses": 0,
    "sellingAndMarketingExpenses": 0,
    "sellingGeneralAndAdministrativeExpenses": 158568000,
    "otherExpenses": 0,
    "operatingExpenses": 379527000,
    "costAndExpenses": 833411000,
    "netInterestIncome": 0,
    "interestIncome": 0,
    "interestExpense": 0,
    "depreciationAndAmortization": 199087000,
    "ebitda": -126097000,
    "ebit": -325184000,
    "nonOperatingIncomeExcludingInterest": 0,
    "operatingIncome": -325184000,
    "totalOtherIncomeExpensesNet": -2337000,
    "incomeBeforeTax": -327521000,
    "incomeTaxExpense": -73350000,
    "netIncomeFromContinuingOperations": -254171000,
    "netIncomeFromDiscontinuedOperations": 0,
    "otherAdjustmentsToNetIncome": 0,
    "netIncome": -254171000,
    "netIncomeDeductions": 0,
    "bottomLineNetIncome": -254171000,
    "eps": -0.74,
    "epsDiluted": -0.74,
    "weightedAverageShsOut": 342780000,
    "weightedAverageShsOutDil": 342780000
  },
  {
    "date": "2002-06-30",
    "symbol": "AMD",
    "reportedCurrency": "USD",
    "cik": "0000002488",
    "filingDate": "2002-08-13",
    "acceptedDate": "2002-08-13 08:49:37",
    "fiscalYear": "2002",
    "period": "Q2",
    "revenue": 600299000,
    "costOfRevenue": 558290000,
    "grossProfit": 42009000,
    "researchAndDevelopmentExpenses": 178425000,
    "generalAndAdministrativeExpenses": 0,
    "sellingAndMarketingExpenses": 0,
    "sellingGeneralAndAdministrativeExpenses": 160248000,
    "otherExpenses": 0,
    "operatingExpenses": 338673000,
    "costAndExpenses": 896963000,
    "netInterestIncome": 0,
    "interestIncome": 0,
    "interestExpense": 0,
    "depreciationAndAmortization": 183108000,
    "ebitda": -113556000,
    "ebit": -296664000,
    "nonOperatingIncomeExcludingInterest": 0,
    "operatingIncome": -296664000,
    "totalOtherIncomeExpensesNet": -9767000,
    "incomeBeforeTax": -306431000,
    "incomeTaxExpense": -121493000,
    "netIncomeFromContinuingOperations": -184938000,
    "netIncomeFromDiscontinuedOperations": 0,
    "otherAdjustmentsToNetIncome": 0,
    "netIncome": -184938000,
    "netIncomeDeductions": 0,
    "bottomLineNetIncome": -184938000,
    "eps": -0.54,
    "epsDiluted": -0.54,
    "weightedAverageShsOut": 341782000,
    "weightedAverageShsOutDil": 341782000
  },
  {
    "date": "2002-03-31",
    "symbol": "AMD",
    "reportedCurrency": "USD",
    "cik": "0000002488",
    "filingDate": "2002-05-13",
    "acceptedDate": "2002-05-10 19:12:00",
    "fiscalYear": "2002",
    "period": "Q1",
    "revenue": 902073000,
    "costOfRevenue": 586874000,
    "grossProfit": 315199000,
    "researchAndDevelopmentExpenses": 171882000,
    "generalAndAdministrativeExpenses": 0,
    "sellingAndMarketingExpenses": 0,
    "sellingGeneralAndAdministrativeExpenses": 156860000,
    "otherExpenses": 0,
    "operatingExpenses": 328742000,
    "costAndExpenses": 915616000,
    "netInterestIncome": 0,
    "interestIncome": 0,
    "interestExpense": 0,
    "depreciationAndAmortization": 174107000,
    "ebitda": 160564000,
    "ebit": -13543000,
    "nonOperatingIncomeExcludingInterest": 0,
    "operatingIncome": -13543000,
    "totalOtherIncomeExpensesNet": 339000,
    "incomeBeforeTax": -13204000,
    "incomeTaxExpense": -4041000,
    "netIncomeFromContinuingOperations": -9163000,
    "netIncomeFromDiscontinuedOperations": 0,
    "otherAdjustmentsToNetIncome": 0,
    "netIncome": -9163000,
    "netIncomeDeductions": 0,
    "bottomLineNetIncome": -9163000,
    "eps": -0.0269,
    "epsDiluted": -0.0269,
    "weightedAverageShsOut": 340806000,
    "weightedAverageShsOutDil": 340806000
  },
  {
    "date": "2001-12-30",
    "symbol": "AMD",
    "reportedCurrency": "USD",
    "cik": "0000002488",
    "filingDate": "2002-03-07",
    "acceptedDate": "2002-03-07 00:00:00",
    "fiscalYear": "2001",
    "period": "Q4",
    "revenue": 951873000,
    "costOfRevenue": 644662000,
    "grossProfit": 307211000,
    "researchAndDevelopmentExpenses": 160871000,
    "generalAndAdministrativeExpenses": 0,
    "sellingAndMarketingExpenses": 0,
    "sellingGeneralAndAdministrativeExpenses": 163684000,
    "otherExpenses": 0,
    "operatingExpenses": 324555000,
    "costAndExpenses": 969217000,
    "netInterestIncome": 0,
    "interestIncome": 0,
    "interestExpense": 0,
    "depreciationAndAmortization": 150478000,
    "ebitda": 133134000,
    "ebit": -17344000,
    "nonOperatingIncomeExcludingInterest": 0,
    "operatingIncome": -17344000,
    "totalOtherIncomeExpensesNet": -4203000,
    "incomeBeforeTax": -21547000,
    "incomeTaxExpense": -5705000,
    "netIncomeFromContinuingOperations": -15842000,
    "netIncomeFromDiscontinuedOperations": 0,
    "otherAdjustmentsToNetIncome": 0,
    "netIncome": -15842000,
    "netIncomeDeductions": 0,
    "bottomLineNetIncome": -15842000,
    "eps": -0.0471,
    "epsDiluted": -0.0471,
    "weightedAverageShsOut": 336606500,
    "weightedAverageShsOutDil": 336606500
  },
  {
    "date": "2001-09-30",
    "symbol": "AMD",
    "reportedCurrency": "USD",
    "cik": "0000002488",
    "filingDate": "2001-11-14",
    "acceptedDate": "2001-11-14 00:00:00",
    "fiscalYear": "2001",
    "period": "Q3",
    "revenue": 765870000,
    "costOfRevenue": 594056000,
    "grossProfit": 171814000,
    "researchAndDevelopmentExpenses": 161185000,
    "generalAndAdministrativeExpenses": 0,
    "sellingAndMarketingExpenses": 0,
    "sellingGeneralAndAdministrativeExpenses": 150918000,
    "otherExpenses": 89305000,
    "operatingExpenses": 401408000,
    "costAndExpenses": 995464000,
    "netInterestIncome": 0,
    "interestIncome": 0,
    "interestExpense": 0,
    "depreciationAndAmortization": 160013000,
    "ebitda": 19724000,
    "ebit": -140289000,
    "nonOperatingIncomeExcludingInterest": -89305000,
    "operatingIncome": -229594000,
    "totalOtherIncomeExpensesNet": -22353000,
    "incomeBeforeTax": -251947000,
    "incomeTaxExpense": -65018000,
    "netIncomeFromContinuingOperations": -186929000,
    "netIncomeFromDiscontinuedOperations": 0,
    "otherAdjustmentsToNetIncome": 0,
    "netIncome": -186929000,
    "netIncomeDeductions": 0,
    "bottomLineNetIncome": -186929000,
    "eps": -0.54,
    "epsDiluted": -0.54,
    "weightedAverageShsOut": 345044000,
    "weightedAverageShsOutDil": 345044000
  },
  {
    "date": "2001-07-01",
    "symbol": "AMD",
    "reportedCurrency": "USD",
    "cik": "0000002488",
    "filingDate": "2001-08-10",
    "acceptedDate": "2001-08-10 00:00:00",
    "fiscalYear": "2001",
    "period": "Q2",
    "revenue": 985264000,
    "costOfRevenue": 636199000,
    "grossProfit": 349065000,
    "researchAndDevelopmentExpenses": 171114000,
    "generalAndAdministrativeExpenses": 0,
    "sellingAndMarketingExpenses": 0,
    "sellingGeneralAndAdministrativeExpenses": 156291000,
    "otherExpenses": 0,
    "operatingExpenses": 327405000,
    "costAndExpenses": 963604000,
    "netInterestIncome": 0,
    "interestIncome": 0,
    "interestExpense": 0,
    "depreciationAndAmortization": 159443000,
    "ebitda": 181103000,
    "ebit": 21660000,
    "nonOperatingIncomeExcludingInterest": 0,
    "operatingIncome": 21660000,
    "totalOtherIncomeExpensesNet": -591000,
    "incomeBeforeTax": 21069000,
    "incomeTaxExpense": 3717000,
    "netIncomeFromContinuingOperations": 17352000,
    "netIncomeFromDiscontinuedOperations": 0,
    "otherAdjustmentsToNetIncome": 0,
    "netIncome": 17352000,
    "netIncomeDeductions": 0,
    "bottomLineNetIncome": 17352000,
    "eps": 0.05,
    "epsDiluted": 0.05,
    "weightedAverageShsOut": 330120000,
    "weightedAverageShsOutDil": 340533000
  },
  {
    "date": "2001-04-01",
    "symbol": "AMD",
    "reportedCurrency": "USD",
    "cik": "0000002488",
    "filingDate": "2001-05-15",
    "acceptedDate": "2001-05-15 00:00:00",
    "fiscalYear": "2001",
    "period": "Q1",
    "revenue": 1188747000,
    "costOfRevenue": 714830000,
    "grossProfit": 473917000,
    "researchAndDevelopmentExpenses": 157760000,
    "generalAndAdministrativeExpenses": 0,
    "sellingAndMarketingExpenses": 0,
    "sellingGeneralAndAdministrativeExpenses": 149138000,
    "otherExpenses": 0,
    "operatingExpenses": 306898000,
    "costAndExpenses": 1021728000,
    "netInterestIncome": 0,
    "interestIncome": 0,
    "interestExpense": 0,
    "depreciationAndAmortization": 152933000,
    "ebitda": 319952000,
    "ebit": 167019000,
    "nonOperatingIncomeExcludingInterest": 0,
    "operatingIncome": 167019000,
    "totalOtherIncomeExpensesNet": 10361000,
    "incomeBeforeTax": 177380000,
    "incomeTaxExpense": 52543000,
    "netIncomeFromContinuingOperations": 124837000,
    "netIncomeFromDiscontinuedOperations": 0,
    "otherAdjustmentsToNetIncome": 0,
    "netIncome": 124837000,
    "netIncomeDeductions": 0,
    "bottomLineNetIncome": 124837000,
    "eps": 0.4,
    "epsDiluted": 0.37,
    "weightedAverageShsOut": 314347000,
    "weightedAverageShsOutDil": 351785000
  },
  {
    "date": "2000-12-31",
    "symbol": "AMD",
    "reportedCurrency": "USD",
    "cik": "0000002488",
    "filingDate": "2001-03-20",
    "acceptedDate": "2001-03-20 00:00:00",
    "fiscalYear": "2000",
    "period": "Q4",
    "revenue": 1175172000,
    "costOfRevenue": 657303000,
    "grossProfit": 517869000,
    "researchAndDevelopmentExpenses": 162087000,
    "generalAndAdministrativeExpenses": 0,
    "sellingAndMarketingExpenses": 0,
    "sellingGeneralAndAdministrativeExpenses": 160756000,
    "otherExpenses": 0,
    "operatingExpenses": 322843000,
    "costAndExpenses": 980146000,
    "netInterestIncome": 0,
    "interestIncome": 0,
    "interestExpense": 0,
    "depreciationAndAmortization": 149609000,
    "ebitda": 344635000,
    "ebit": 195026000,
    "nonOperatingIncomeExcludingInterest": 0,
    "operatingIncome": 195026000,
    "totalOtherIncomeExpensesNet": 13087000,
    "incomeBeforeTax": 208113000,
    "incomeTaxExpense": 30081000,
    "netIncomeFromContinuingOperations": 178032000,
    "netIncomeFromDiscontinuedOperations": 0,
    "otherAdjustmentsToNetIncome": -64000,
    "netIncome": 177968000,
    "netIncomeDeductions": 0,
    "bottomLineNetIncome": 177968000,
    "eps": 0.57,
    "epsDiluted": 0.51,
    "weightedAverageShsOut": 311839000,
    "weightedAverageShsOutDil": 350892500
  },
  {
    "date": "2000-10-01",
    "symbol": "AMD",
    "reportedCurrency": "USD",
    "cik": "0000002488",
    "filingDate": "2000-11-13",
    "acceptedDate": "2000-11-13 00:00:00",
    "fiscalYear": "2000",
    "period": "Q3",
    "revenue": 1206549000,
    "costOfRevenue": 639010000,
    "grossProfit": 567539000,
    "researchAndDevelopmentExpenses": 162764000,
    "generalAndAdministrativeExpenses": 0,
    "sellingAndMarketingExpenses": 0,
    "sellingGeneralAndAdministrativeExpenses": 141931000,
    "otherExpenses": 0,
    "operatingExpenses": 304695000,
    "costAndExpenses": 943705000,
    "netInterestIncome": 0,
    "interestIncome": 0,
    "interestExpense": 0,
    "depreciationAndAmortization": 153758000,
    "ebitda": 416602000,
    "ebit": 262844000,
    "nonOperatingIncomeExcludingInterest": 0,
    "operatingIncome": 262844000,
    "totalOtherIncomeExpensesNet": 343712000,
    "incomeBeforeTax": 606556000,
    "incomeTaxExpense": 175009000,
    "netIncomeFromContinuingOperations": 431547000,
    "netIncomeFromDiscontinuedOperations": 0,
    "otherAdjustmentsToNetIncome": -22980000,
    "netIncome": 408567000,
    "netIncomeDeductions": 0,
    "bottomLineNetIncome": 408567000,
    "eps": 1.31,
    "epsDiluted": 1.31,
    "weightedAverageShsOut": 311943000,
    "weightedAverageShsOutDil": 352893000
  },
  {
    "date": "2000-07-02",
    "symbol": "AMD",
    "reportedCurrency": "USD",
    "cik": "0000002488",
    "filingDate": "2000-08-16",
    "acceptedDate": "2000-08-16 00:00:00",
    "fiscalYear": "2000",
    "period": "Q2",
    "revenue": 1170437000,
    "costOfRevenue": 464756000,
    "grossProfit": 705681000,
    "researchAndDevelopmentExpenses": 155651000,
    "generalAndAdministrativeExpenses": 0,
    "sellingAndMarketingExpenses": 0,
    "sellingGeneralAndAdministrativeExpenses": 152022000,
    "otherExpenses": 147811000,
    "operatingExpenses": 455484000,
    "costAndExpenses": 920240000,
    "netInterestIncome": 0,
    "interestIncome": 0,
    "interestExpense": 0,
    "depreciationAndAmortization": 147811000,
    "ebitda": 398008000,
    "ebit": 250197000,
    "nonOperatingIncomeExcludingInterest": 0,
    "operatingIncome": 250197000,
    "totalOtherIncomeExpensesNet": 8723000,
    "incomeBeforeTax": 258920000,
    "incomeTaxExpense": 51778000,
    "netIncomeFromContinuingOperations": 207142000,
    "netIncomeFromDiscontinuedOperations": 0,
    "otherAdjustmentsToNetIncome": 2000,
    "netIncome": 207144000,
    "netIncomeDeductions": 0,
    "bottomLineNetIncome": 207144000,
    "eps": 0.67,
    "epsDiluted": 0.61,
    "weightedAverageShsOut": 309116000,
    "weightedAverageShsOutDil": 352437000
  },
  {
    "date": "2000-04-02",
    "symbol": "AMD",
    "reportedCurrency": "USD",
    "cik": "0000002488",
    "filingDate": "2000-05-17",
    "acceptedDate": "2000-05-17 00:00:00",
    "fiscalYear": "2000",
    "period": "Q1",
    "revenue": 1092029000,
    "costOfRevenue": 605757000,
    "grossProfit": 486272000,
    "researchAndDevelopmentExpenses": 161297000,
    "generalAndAdministrativeExpenses": 0,
    "sellingAndMarketingExpenses": 0,
    "sellingGeneralAndAdministrativeExpenses": 144306000,
    "otherExpenses": 0,
    "operatingExpenses": 305603000,
    "costAndExpenses": 911360000,
    "netInterestIncome": 0,
    "interestIncome": 0,
    "interestExpense": 0,
    "depreciationAndAmortization": 127892000,
    "ebitda": 308561000,
    "ebit": 180669000,
    "nonOperatingIncomeExcludingInterest": 0,
    "operatingIncome": 180669000,
    "totalOtherIncomeExpensesNet": 8680000,
    "incomeBeforeTax": 189349000,
    "incomeTaxExpense": 0,
    "netIncomeFromContinuingOperations": 189349000,
    "netIncomeFromDiscontinuedOperations": 0,
    "otherAdjustmentsToNetIncome": 0,
    "netIncome": 189349000,
    "netIncomeDeductions": 0,
    "bottomLineNetIncome": 189349000,
    "eps": 0.63,
    "epsDiluted": 0.58,
    "weightedAverageShsOut": 301760000,
    "weightedAverageShsOutDil": 343884000
  },
  {
    "date": "1999-12-26",
    "symbol": "AMD",
    "reportedCurrency": "USD",
    "cik": "0000002488",
    "filingDate": "2000-03-21",
    "acceptedDate": "2000-03-21 00:00:00",
    "fiscalYear": "1999",
    "period": "Q4",
    "revenue": 968710000,
    "costOfRevenue": 581545000,
    "grossProfit": 387165000,
    "researchAndDevelopmentExpenses": 150936000,
    "generalAndAdministrativeExpenses": 0,
    "sellingAndMarketingExpenses": 0,
    "sellingGeneralAndAdministrativeExpenses": 158803000,
    "otherExpenses": 5700000,
    "operatingExpenses": 315439000,
    "costAndExpenses": 896984000,
    "netInterestIncome": 0,
    "interestIncome": 0,
    "interestExpense": 0,
    "depreciationAndAmortization": 129930000,
    "ebitda": 207356000,
    "ebit": 77426000,
    "nonOperatingIncomeExcludingInterest": -5700000,
    "operatingIncome": 71726000,
    "totalOtherIncomeExpensesNet": -6646000,
    "incomeBeforeTax": 65080000,
    "incomeTaxExpense": 0,
    "netIncomeFromContinuingOperations": 65080000,
    "netIncomeFromDiscontinuedOperations": 0,
    "otherAdjustmentsToNetIncome": 0,
    "netIncome": 65080000,
    "netIncomeDeductions": 0,
    "bottomLineNetIncome": 65080000,
    "eps": 0.22,
    "epsDiluted": 0.2,
    "weightedAverageShsOut": 298168500,
    "weightedAverageShsOutDil": 319230500
  },
  {
    "date": "1999-09-26",
    "symbol": "AMD",
    "reportedCurrency": "USD",
    "cik": "0000002488",
    "filingDate": "1999-11-01",
    "acceptedDate": "1999-11-01 00:00:00",
    "fiscalYear": "1999",
    "period": "Q3",
    "revenue": 662200000,
    "costOfRevenue": 343900000,
    "grossProfit": 318300000,
    "researchAndDevelopmentExpenses": 157600000,
    "generalAndAdministrativeExpenses": 0,
    "sellingAndMarketingExpenses": 0,
    "sellingGeneralAndAdministrativeExpenses": 129400000,
    "otherExpenses": 130200000,
    "operatingExpenses": 417200000,
    "costAndExpenses": 761100000,
    "netInterestIncome": 0,
    "interestIncome": 0,
    "interestExpense": 0,
    "depreciationAndAmortization": 130200000,
    "ebitda": 31300000,
    "ebit": -98900000,
    "nonOperatingIncomeExcludingInterest": 0,
    "operatingIncome": -98900000,
    "totalOtherIncomeExpensesNet": -6600000,
    "incomeBeforeTax": -105500000,
    "incomeTaxExpense": 0,
    "netIncomeFromContinuingOperations": -105500000,
    "netIncomeFromDiscontinuedOperations": 0,
    "otherAdjustmentsToNetIncome": 0,
    "netIncome": -105500000,
    "netIncomeDeductions": 0,
    "bottomLineNetIncome": -105500000,
    "eps": -0.36,
    "epsDiluted": -0.36,
    "weightedAverageShsOut": 295223000,
    "weightedAverageShsOutDil": 295223000
  },
  {
    "date": "1999-06-27",
    "symbol": "AMD",
    "reportedCurrency": "USD",
    "cik": "0000002488",
    "filingDate": "1999-08-06",
    "acceptedDate": "1999-08-06 00:00:00",
    "fiscalYear": "1999",
    "period": "Q2",
    "revenue": 595100000,
    "costOfRevenue": 330400000,
    "grossProfit": 264700000,
    "researchAndDevelopmentExpenses": 167300000,
    "generalAndAdministrativeExpenses": 0,
    "sellingAndMarketingExpenses": 0,
    "sellingGeneralAndAdministrativeExpenses": 124500000,
    "otherExpenses": 127900000,
    "operatingExpenses": 419700000,
    "costAndExpenses": 750100000,
    "netInterestIncome": 0,
    "interestIncome": 0,
    "interestExpense": 0,
    "depreciationAndAmortization": 127913000,
    "ebitda": -27087000,
    "ebit": -155000000,
    "nonOperatingIncomeExcludingInterest": 0,
    "operatingIncome": -155000000,
    "totalOtherIncomeExpensesNet": 407700000,
    "incomeBeforeTax": 252700000,
    "incomeTaxExpense": 172800000,
    "netIncomeFromContinuingOperations": 79900000,
    "netIncomeFromDiscontinuedOperations": 0,
    "otherAdjustmentsToNetIncome": 0,
    "netIncome": 79900000,
    "netIncomeDeductions": 0,
    "bottomLineNetIncome": 79900000,
    "eps": 0.27,
    "epsDiluted": 0.27,
    "weightedAverageShsOut": 293520500,
    "weightedAverageShsOutDil": 293520500
  },
  {
    "date": "1999-03-28",
    "symbol": "AMD",
    "reportedCurrency": "USD",
    "cik": "0000002488",
    "filingDate": "1999-05-12",
    "acceptedDate": "1999-05-12 00:00:00",
    "fiscalYear": "1999",
    "period": "Q1",
    "revenue": 631593000,
    "costOfRevenue": 322944000,
    "grossProfit": 308649000,
    "researchAndDevelopmentExpenses": 159946000,
    "generalAndAdministrativeExpenses": 0,
    "sellingAndMarketingExpenses": 0,
    "sellingGeneralAndAdministrativeExpenses": 127310000,
    "otherExpenses": 127487000,
    "operatingExpenses": 414743000,
    "costAndExpenses": 737687000,
    "netInterestIncome": 0,
    "interestIncome": 0,
    "interestExpense": 0,
    "depreciationAndAmortization": 127487000,
    "ebitda": 21393000,
    "ebit": -106094000,
    "nonOperatingIncomeExcludingInterest": 0,
    "operatingIncome": -106094000,
    "totalOtherIncomeExpensesNet": -27746000,
    "incomeBeforeTax": -133840000,
    "incomeTaxExpense": -5473000,
    "netIncomeFromContinuingOperations": -128367000,
    "netIncomeFromDiscontinuedOperations": 0,
    "otherAdjustmentsToNetIncome": 0,
    "netIncome": -128367000,
    "netIncomeDeductions": 0,
    "bottomLineNetIncome": -128367000,
    "eps": -0.44,
    "epsDiluted": -0.44,
    "weightedAverageShsOut": 291818000,
    "weightedAverageShsOutDil": 291818000
  },
  {
    "date": "1998-12-27",
    "symbol": "AMD",
    "reportedCurrency": "USD",
    "cik": "0000002488",
    "filingDate": "1999-03-29",
    "acceptedDate": "1999-03-29 00:00:00",
    "fiscalYear": "1998",
    "period": "Q4",
    "revenue": 788820000,
    "costOfRevenue": 481987000,
    "grossProfit": 306833000,
    "researchAndDevelopmentExpenses": 156459000,
    "generalAndAdministrativeExpenses": 0,
    "sellingAndMarketingExpenses": 0,
    "sellingGeneralAndAdministrativeExpenses": 120498000,
    "otherExpenses": 0,
    "operatingExpenses": 276957000,
    "costAndExpenses": 758944000,
    "netInterestIncome": 0,
    "interestIncome": 0,
    "interestExpense": 0,
    "depreciationAndAmortization": 125101000,
    "ebitda": 154977000,
    "ebit": 29876000,
    "nonOperatingIncomeExcludingInterest": 0,
    "operatingIncome": 29876000,
    "totalOtherIncomeExpensesNet": -7691000,
    "incomeBeforeTax": 22185000,
    "incomeTaxExpense": -136000,
    "netIncomeFromContinuingOperations": 22321000,
    "netIncomeFromDiscontinuedOperations": 0,
    "otherAdjustmentsToNetIncome": 0,
    "netIncome": 22321000,
    "netIncomeDeductions": 0,
    "bottomLineNetIncome": 22321000,
    "eps": 0.0771,
    "epsDiluted": 0.0771,
    "weightedAverageShsOut": 289577000,
    "weightedAverageShsOutDil": 289577000
  },
  {
    "date": "1998-09-27",
    "symbol": "AMD",
    "reportedCurrency": "USD",
    "cik": "0000002488",
    "filingDate": "1998-11-12",
    "acceptedDate": "1998-11-12 00:00:00",
    "fiscalYear": "1998",
    "period": "Q3",
    "revenue": 685900000,
    "costOfRevenue": 305900000,
    "grossProfit": 380000000,
    "researchAndDevelopmentExpenses": 143700000,
    "generalAndAdministrativeExpenses": 0,
    "sellingAndMarketingExpenses": 0,
    "sellingGeneralAndAdministrativeExpenses": 109800000,
    "otherExpenses": 117100000,
    "operatingExpenses": 370600000,
    "costAndExpenses": 676500000,
    "netInterestIncome": 0,
    "interestIncome": 0,
    "interestExpense": 0,
    "depreciationAndAmortization": 117100000,
    "ebitda": 126500000,
    "ebit": 9400000,
    "nonOperatingIncomeExcludingInterest": 0,
    "operatingIncome": 9400000,
    "totalOtherIncomeExpensesNet": -9000000,
    "incomeBeforeTax": 400000,
    "incomeTaxExpense": -600000,
    "netIncomeFromContinuingOperations": 1000000,
    "netIncomeFromDiscontinuedOperations": 0,
    "otherAdjustmentsToNetIncome": 0,
    "netIncome": 1000000,
    "netIncomeDeductions": 0,
    "bottomLineNetIncome": 1000000,
    "eps": 0.0035,
    "epsDiluted": 0.0035,
    "weightedAverageShsOut": 285966000,
    "weightedAverageShsOutDil": 285966000
  },
  {
    "date": "1998-06-28",
    "symbol": "AMD",
    "reportedCurrency": "USD",
    "cik": "0000002488",
    "filingDate": "1998-08-12",
    "acceptedDate": "1998-08-12 00:00:00",
    "fiscalYear": "1998",
    "period": "Q2",
    "revenue": 526500000,
    "costOfRevenue": 277000000,
    "grossProfit": 249500000,
    "researchAndDevelopmentExpenses": 139200000,
    "generalAndAdministrativeExpenses": 0,
    "sellingAndMarketingExpenses": 0,
    "sellingGeneralAndAdministrativeExpenses": 101200000,
    "otherExpenses": 113100000,
    "operatingExpenses": 353500000,
    "costAndExpenses": 630500000,
    "netInterestIncome": 0,
    "interestIncome": 0,
    "interestExpense": 0,
    "depreciationAndAmortization": 113100000,
    "ebitda": 9100000,
    "ebit": -104000000,
    "nonOperatingIncomeExcludingInterest": 0,
    "operatingIncome": -104000000,
    "totalOtherIncomeExpensesNet": -4700000,
    "incomeBeforeTax": -108700000,
    "incomeTaxExpense": -44100000,
    "netIncomeFromContinuingOperations": -64600000,
    "netIncomeFromDiscontinuedOperations": 0,
    "otherAdjustmentsToNetIncome": 0,
    "netIncome": -64600000,
    "netIncomeDeductions": 0,
    "bottomLineNetIncome": -64600000,
    "eps": -0.23,
    "epsDiluted": -0.23,
    "weightedAverageShsOut": 280869565,
    "weightedAverageShsOutDil": 280869565
  },
  {
    "date": "1998-03-29",
    "symbol": "AMD",
    "reportedCurrency": "USD",
    "cik": "0000002488",
    "filingDate": "1998-04-23",
    "acceptedDate": "1998-04-23 00:00:00",
    "fiscalYear": "1998",
    "period": "Q1",
    "revenue": 540900000,
    "costOfRevenue": 311400000,
    "grossProfit": 229500000,
    "researchAndDevelopmentExpenses": 128100000,
    "generalAndAdministrativeExpenses": 0,
    "sellingAndMarketingExpenses": 0,
    "sellingGeneralAndAdministrativeExpenses": 88200000,
    "otherExpenses": 112200000,
    "operatingExpenses": 328500000,
    "costAndExpenses": 639900000,
    "netInterestIncome": 0,
    "interestIncome": 0,
    "interestExpense": 0,
    "depreciationAndAmortization": 112200000,
    "ebitda": 13200000,
    "ebit": -99000000,
    "nonOperatingIncomeExcludingInterest": 0,
    "operatingIncome": -99000000,
    "totalOtherIncomeExpensesNet": -10700000,
    "incomeBeforeTax": -109700000,
    "incomeTaxExpense": -47000000,
    "netIncomeFromContinuingOperations": -62700000,
    "netIncomeFromDiscontinuedOperations": 0,
    "otherAdjustmentsToNetIncome": 0,
    "netIncome": -62700000,
    "netIncomeDeductions": 0,
    "bottomLineNetIncome": -62700000,
    "eps": -0.22,
    "epsDiluted": -0.22,
    "weightedAverageShsOut": 285000000,
    "weightedAverageShsOutDil": 285000000
  },
  {
    "date": "1997-12-28",
    "symbol": "AMD",
    "reportedCurrency": "USD",
    "cik": "0000002488",
    "filingDate": "1998-03-03",
    "acceptedDate": "1998-03-03 00:00:00",
    "fiscalYear": "1997",
    "period": "Q4",
    "revenue": 613171000,
    "costOfRevenue": 428856000,
    "grossProfit": 184315000,
    "researchAndDevelopmentExpenses": 127031000,
    "generalAndAdministrativeExpenses": 0,
    "sellingAndMarketingExpenses": 0,
    "sellingGeneralAndAdministrativeExpenses": 102296000,
    "otherExpenses": 0,
    "operatingExpenses": 229327000,
    "costAndExpenses": 658183000,
    "netInterestIncome": 0,
    "interestIncome": 0,
    "interestExpense": 0,
    "depreciationAndAmortization": 107675000,
    "ebitda": 62663000,
    "ebit": -45012000,
    "nonOperatingIncomeExcludingInterest": 0,
    "operatingIncome": -45012000,
    "totalOtherIncomeExpensesNet": 2817000,
    "incomeBeforeTax": -42195000,
    "incomeTaxExpense": -29861000,
    "netIncomeFromContinuingOperations": -12334000,
    "netIncomeFromDiscontinuedOperations": 0,
    "otherAdjustmentsToNetIncome": 0,
    "netIncome": -12334000,
    "netIncomeDeductions": 0,
    "bottomLineNetIncome": -12334000,
    "eps": -0.0436,
    "epsDiluted": -0.0436,
    "weightedAverageShsOut": 282953000,
    "weightedAverageShsOutDil": 282953000
  },
  {
    "date": "1997-09-28",
    "symbol": "AMD",
    "reportedCurrency": "USD",
    "cik": "0000002488",
    "filingDate": "1997-11-12",
    "acceptedDate": "1997-11-12 00:00:00",
    "fiscalYear": "1997",
    "period": "Q3",
    "revenue": 596644000,
    "costOfRevenue": 428240000,
    "grossProfit": 168404000,
    "researchAndDevelopmentExpenses": 125917000,
    "generalAndAdministrativeExpenses": 0,
    "sellingAndMarketingExpenses": 0,
    "sellingGeneralAndAdministrativeExpenses": 100915000,
    "otherExpenses": 0,
    "operatingExpenses": 226832000,
    "costAndExpenses": 655072000,
    "netInterestIncome": 0,
    "interestIncome": 0,
    "interestExpense": 0,
    "depreciationAndAmortization": 103965000,
    "ebitda": 45537000,
    "ebit": -58428000,
    "nonOperatingIncomeExcludingInterest": 0,
    "operatingIncome": -58428000,
    "totalOtherIncomeExpensesNet": -3319000,
    "incomeBeforeTax": -61747000,
    "incomeTaxExpense": -30072000,
    "netIncomeFromContinuingOperations": -31675000,
    "netIncomeFromDiscontinuedOperations": 0,
    "otherAdjustmentsToNetIncome": 0,
    "netIncome": -31675000,
    "netIncomeDeductions": 0,
    "bottomLineNetIncome": -31675000,
    "eps": -0.11,
    "epsDiluted": -0.11,
    "weightedAverageShsOut": 283460000,
    "weightedAverageShsOutDil": 283460000
  },
  {
    "date": "1997-06-29",
    "symbol": "AMD",
    "reportedCurrency": "USD",
    "cik": "0000002488",
    "filingDate": "1997-08-13",
    "acceptedDate": "1997-08-13 00:00:00",
    "fiscalYear": "1997",
    "period": "Q2",
    "revenue": 594561000,
    "costOfRevenue": 372266000,
    "grossProfit": 222295000,
    "researchAndDevelopmentExpenses": 110021000,
    "generalAndAdministrativeExpenses": 0,
    "sellingAndMarketingExpenses": 0,
    "sellingGeneralAndAdministrativeExpenses": 102983000,
    "otherExpenses": 0,
    "operatingExpenses": 213004000,
    "costAndExpenses": 585270000,
    "netInterestIncome": 0,
    "interestIncome": 0,
    "interestExpense": 0,
    "depreciationAndAmortization": 94025000,
    "ebitda": 103316000,
    "ebit": 9291000,
    "nonOperatingIncomeExcludingInterest": 0,
    "operatingIncome": 9291000,
    "totalOtherIncomeExpensesNet": 3307000,
    "incomeBeforeTax": 12598000,
    "incomeTaxExpense": 2630000,
    "netIncomeFromContinuingOperations": 9968000,
    "netIncomeFromDiscontinuedOperations": 0,
    "otherAdjustmentsToNetIncome": 0,
    "netIncome": 9968000,
    "netIncomeDeductions": 0,
    "bottomLineNetIncome": 9968000,
    "eps": 0.04,
    "epsDiluted": 0.04,
    "weightedAverageShsOut": 295838000,
    "weightedAverageShsOutDil": 295838000
  },
  {
    "date": "1997-03-30",
    "symbol": "AMD",
    "reportedCurrency": "USD",
    "cik": "0000002488",
    "filingDate": "1997-05-14",
    "acceptedDate": "1997-05-14 00:00:00",
    "fiscalYear": "1997",
    "period": "Q1",
    "revenue": 551999000,
    "costOfRevenue": 349076000,
    "grossProfit": 202923000,
    "researchAndDevelopmentExpenses": 104908000,
    "generalAndAdministrativeExpenses": 0,
    "sellingAndMarketingExpenses": 0,
    "sellingGeneralAndAdministrativeExpenses": 94519000,
    "otherExpenses": 0,
    "operatingExpenses": 199427000,
    "costAndExpenses": 548503000,
    "netInterestIncome": 0,
    "interestIncome": 0,
    "interestExpense": 0,
    "depreciationAndAmortization": 88800000,
    "ebitda": 92296000,
    "ebit": 3496000,
    "nonOperatingIncomeExcludingInterest": 0,
    "operatingIncome": 3496000,
    "totalOtherIncomeExpensesNet": 11603000,
    "incomeBeforeTax": 15099000,
    "incomeTaxExpense": 2148000,
    "netIncomeFromContinuingOperations": 12951000,
    "netIncomeFromDiscontinuedOperations": 0,
    "otherAdjustmentsToNetIncome": 0,
    "netIncome": 12951000,
    "netIncomeDeductions": 0,
    "bottomLineNetIncome": 12951000,
    "eps": 0.05,
    "epsDiluted": 0.05,
    "weightedAverageShsOut": 293502000,
    "weightedAverageShsOutDil": 294644000
  },
  {
    "date": "1996-12-29",
    "symbol": "AMD",
    "reportedCurrency": "USD",
    "cik": "0000002488",
    "filingDate": "1997-03-20",
    "acceptedDate": "1997-03-20 00:00:00",
    "fiscalYear": "1996",
    "period": "Q4",
    "revenue": 496868000,
    "costOfRevenue": 354622000,
    "grossProfit": 142246000,
    "researchAndDevelopmentExpenses": 107499000,
    "generalAndAdministrativeExpenses": 0,
    "sellingAndMarketingExpenses": 0,
    "sellingGeneralAndAdministrativeExpenses": 88292000,
    "otherExpenses": 0,
    "operatingExpenses": 195791000,
    "costAndExpenses": 550413000,
    "netInterestIncome": 0,
    "interestIncome": 0,
    "interestExpense": 0,
    "depreciationAndAmortization": 84183000,
    "ebitda": 30638000,
    "ebit": -53545000,
    "nonOperatingIncomeExcludingInterest": 0,
    "operatingIncome": -53545000,
    "totalOtherIncomeExpensesNet": 9476000,
    "incomeBeforeTax": -44069000,
    "incomeTaxExpense": -22826000,
    "netIncomeFromContinuingOperations": -21243000,
    "netIncomeFromDiscontinuedOperations": 0,
    "otherAdjustmentsToNetIncome": 0,
    "netIncome": -21243000,
    "netIncomeDeductions": 0,
    "bottomLineNetIncome": -21243000,
    "eps": -0.0752,
    "epsDiluted": -0.0751,
    "weightedAverageShsOut": 282438000,
    "weightedAverageShsOutDil": 283009000
  },
  {
    "date": "1996-09-29",
    "symbol": "AMD",
    "reportedCurrency": "USD",
    "cik": "0000002488",
    "filingDate": "1996-11-08",
    "acceptedDate": "1996-11-08 00:00:00",
    "fiscalYear": "1996",
    "period": "Q3",
    "revenue": 456862000,
    "costOfRevenue": 337692000,
    "grossProfit": 119170000,
    "researchAndDevelopmentExpenses": 105656000,
    "generalAndAdministrativeExpenses": 0,
    "sellingAndMarketingExpenses": 0,
    "sellingGeneralAndAdministrativeExpenses": 90432000,
    "otherExpenses": 0,
    "operatingExpenses": 196088000,
    "costAndExpenses": 533780000,
    "netInterestIncome": 0,
    "interestIncome": 0,
    "interestExpense": 0,
    "depreciationAndAmortization": 77701000,
    "ebitda": 783000,
    "ebit": -76918000,
    "nonOperatingIncomeExcludingInterest": 0,
    "operatingIncome": -76918000,
    "totalOtherIncomeExpensesNet": 8097000,
    "incomeBeforeTax": -68821000,
    "incomeTaxExpense": -30459000,
    "netIncomeFromContinuingOperations": -38362000,
    "netIncomeFromDiscontinuedOperations": 0,
    "otherAdjustmentsToNetIncome": 0,
    "netIncome": -38362000,
    "netIncomeDeductions": 0,
    "bottomLineNetIncome": -38362000,
    "eps": -0.14,
    "epsDiluted": -0.14,
    "weightedAverageShsOut": 272164000,
    "weightedAverageShsOutDil": 272164000
  },
  {
    "date": "1996-06-30",
    "symbol": "AMD",
    "reportedCurrency": "USD",
    "cik": "0000002488",
    "filingDate": "1996-08-08",
    "acceptedDate": "1996-08-08 00:00:00",
    "fiscalYear": "1996",
    "period": "Q2",
    "revenue": 455077000,
    "costOfRevenue": 379779000,
    "grossProfit": 75298000,
    "researchAndDevelopmentExpenses": 92768000,
    "generalAndAdministrativeExpenses": 0,
    "sellingAndMarketingExpenses": 0,
    "sellingGeneralAndAdministrativeExpenses": 83063000,
    "otherExpenses": 0,
    "operatingExpenses": 175831000,
    "costAndExpenses": 555610000,
    "netInterestIncome": 0,
    "interestIncome": 0,
    "interestExpense": 0,
    "depreciationAndAmortization": 94949000,
    "ebitda": -5584000,
    "ebit": -100533000,
    "nonOperatingIncomeExcludingInterest": 0,
    "operatingIncome": -100533000,
    "totalOtherIncomeExpensesNet": 34138000,
    "incomeBeforeTax": -66395000,
    "incomeTaxExpense": -31723000,
    "netIncomeFromContinuingOperations": -34672000,
    "netIncomeFromDiscontinuedOperations": 0,
    "otherAdjustmentsToNetIncome": 0,
    "netIncome": -34672000,
    "netIncomeDeductions": 0,
    "bottomLineNetIncome": -34672000,
    "eps": -0.13,
    "epsDiluted": -0.13,
    "weightedAverageShsOut": 270532000,
    "weightedAverageShsOutDil": 270532000
  },
  {
    "date": "1996-03-31",
    "symbol": "AMD",
    "reportedCurrency": "USD",
    "cik": "0000002488",
    "filingDate": "1996-05-15",
    "acceptedDate": "1996-05-15 00:00:00",
    "fiscalYear": "1996",
    "period": "Q1",
    "revenue": 544212000,
    "costOfRevenue": 368735000,
    "grossProfit": 175477000,
    "researchAndDevelopmentExpenses": 94780000,
    "generalAndAdministrativeExpenses": 0,
    "sellingAndMarketingExpenses": 0,
    "sellingGeneralAndAdministrativeExpenses": 103011000,
    "otherExpenses": 0,
    "operatingExpenses": 197791000,
    "costAndExpenses": 566526000,
    "netInterestIncome": 0,
    "interestIncome": 0,
    "interestExpense": 0,
    "depreciationAndAmortization": 75807000,
    "ebitda": 53493000,
    "ebit": -22314000,
    "nonOperatingIncomeExcludingInterest": 0,
    "operatingIncome": -22314000,
    "totalOtherIncomeExpensesNet": 47641000,
    "incomeBeforeTax": 25327000,
    "incomeTaxExpense": 0,
    "netIncomeFromContinuingOperations": 25327000,
    "netIncomeFromDiscontinuedOperations": 0,
    "otherAdjustmentsToNetIncome": 0,
    "netIncome": 25327000,
    "netIncomeDeductions": 0,
    "bottomLineNetIncome": 25327000,
    "eps": 0.09,
    "epsDiluted": 0.09,
    "weightedAverageShsOut": 276798000,
    "weightedAverageShsOutDil": 276798000
  },
  {
    "date": "1995-12-31",
    "symbol": "AMD",
    "reportedCurrency": "USD",
    "cik": "0000002488",
    "filingDate": "1996-03-21",
    "acceptedDate": "1996-03-21 00:00:00",
    "fiscalYear": "1995",
    "period": "Q4",
    "revenue": 593029000,
    "costOfRevenue": 362801000,
    "grossProfit": 230228000,
    "researchAndDevelopmentExpenses": 104009000,
    "generalAndAdministrativeExpenses": 0,
    "sellingAndMarketingExpenses": 0,
    "sellingGeneralAndAdministrativeExpenses": 95181000,
    "otherExpenses": 0,
    "operatingExpenses": 199190000,
    "costAndExpenses": 561991000,
    "netInterestIncome": 0,
    "interestIncome": 0,
    "interestExpense": 0,
    "depreciationAndAmortization": 83389000,
    "ebitda": 114427000,
    "ebit": 31038000,
    "nonOperatingIncomeExcludingInterest": 0,
    "operatingIncome": 31038000,
    "totalOtherIncomeExpensesNet": 28330000,
    "incomeBeforeTax": 59368000,
    "incomeTaxExpense": 3786000,
    "netIncomeFromContinuingOperations": 55582000,
    "netIncomeFromDiscontinuedOperations": 0,
    "otherAdjustmentsToNetIncome": 0,
    "netIncome": 55582000,
    "netIncomeDeductions": 0,
    "bottomLineNetIncome": 55582000,
    "eps": 0.2,
    "epsDiluted": 0.2,
    "weightedAverageShsOut": 274607000,
    "weightedAverageShsOutDil": 276214000
  },
  {
    "date": "1995-10-01",
    "symbol": "AMD",
    "reportedCurrency": "USD",
    "cik": "0000002488",
    "filingDate": "1995-11-02",
    "acceptedDate": "1995-11-02 00:00:00",
    "fiscalYear": "1995",
    "period": "Q3",
    "revenue": 590385000,
    "costOfRevenue": 344344000,
    "grossProfit": 246041000,
    "researchAndDevelopmentExpenses": 100014000,
    "generalAndAdministrativeExpenses": 0,
    "sellingAndMarketingExpenses": 0,
    "sellingGeneralAndAdministrativeExpenses": 95525000,
    "otherExpenses": 0,
    "operatingExpenses": 195539000,
    "costAndExpenses": 539883000,
    "netInterestIncome": 0,
    "interestIncome": 0,
    "interestExpense": 0,
    "depreciationAndAmortization": 65899000,
    "ebitda": 116401000,
    "ebit": 50502000,
    "nonOperatingIncomeExcludingInterest": 0,
    "operatingIncome": 50502000,
    "totalOtherIncomeExpensesNet": 22178000,
    "incomeBeforeTax": 72680000,
    "incomeTaxExpense": 16517000,
    "netIncomeFromContinuingOperations": 56163000,
    "netIncomeFromDiscontinuedOperations": 0,
    "otherAdjustmentsToNetIncome": 0,
    "netIncome": 56163000,
    "netIncomeDeductions": 0,
    "bottomLineNetIncome": 56163000,
    "eps": 0.26,
    "epsDiluted": 0.26,
    "weightedAverageShsOut": 214636000,
    "weightedAverageShsOutDil": 214638000
  },
  {
    "date": "1995-07-02",
    "symbol": "AMD",
    "reportedCurrency": "USD",
    "cik": "0000002488",
    "filingDate": "1995-07-24",
    "acceptedDate": "1995-07-24 00:00:00",
    "fiscalYear": "1995",
    "period": "Q2",
    "revenue": 626214000,
    "costOfRevenue": 300959000,
    "grossProfit": 325255000,
    "researchAndDevelopmentExpenses": 101032000,
    "generalAndAdministrativeExpenses": 0,
    "sellingAndMarketingExpenses": 0,
    "sellingGeneralAndAdministrativeExpenses": 97364000,
    "otherExpenses": 0,
    "operatingExpenses": 198396000,
    "costAndExpenses": 499355000,
    "netInterestIncome": 0,
    "interestIncome": 0,
    "interestExpense": 0,
    "depreciationAndAmortization": 55730000,
    "ebitda": 182589000,
    "ebit": 126859000,
    "nonOperatingIncomeExcludingInterest": 0,
    "operatingIncome": 126859000,
    "totalOtherIncomeExpensesNet": 9186000,
    "incomeBeforeTax": 136045000,
    "incomeTaxExpense": 44060000,
    "netIncomeFromContinuingOperations": 91985000,
    "netIncomeFromDiscontinuedOperations": 0,
    "otherAdjustmentsToNetIncome": 0,
    "netIncome": 91985000,
    "netIncomeDeductions": 0,
    "bottomLineNetIncome": 91985000,
    "eps": 0.43,
    "epsDiluted": 0.43,
    "weightedAverageShsOut": 214340000,
    "weightedAverageShsOutDil": 214612000
  },
  {
    "date": "1995-04-02",
    "symbol": "AMD",
    "reportedCurrency": "USD",
    "cik": "0000002488",
    "filingDate": "1995-04-25",
    "acceptedDate": "1995-04-25 00:00:00",
    "fiscalYear": "1995",
    "period": "Q1",
    "revenue": 620096000,
    "costOfRevenue": 290772000,
    "grossProfit": 329324000,
    "researchAndDevelopmentExpenses": 92500000,
    "generalAndAdministrativeExpenses": 0,
    "sellingAndMarketingExpenses": 0,
    "sellingGeneralAndAdministrativeExpenses": 96946000,
    "otherExpenses": 0,
    "operatingExpenses": 189446000,
    "costAndExpenses": 480218000,
    "netInterestIncome": 0,
    "interestIncome": 0,
    "interestExpense": 0,
    "depreciationAndAmortization": 57483000,
    "ebitda": 197361000,
    "ebit": 139878000,
    "nonOperatingIncomeExcludingInterest": 0,
    "operatingIncome": 139878000,
    "totalOtherIncomeExpensesNet": 5298000,
    "incomeBeforeTax": 145176000,
    "incomeTaxExpense": 48375000,
    "netIncomeFromContinuingOperations": 96801000,
    "netIncomeFromDiscontinuedOperations": 0,
    "otherAdjustmentsToNetIncome": 0,
    "netIncome": 96801000,
    "netIncomeDeductions": 0,
    "bottomLineNetIncome": 96791000,
    "eps": 0.48,
    "epsDiluted": 0.46,
    "weightedAverageShsOut": 202024000,
    "weightedAverageShsOutDil": 213434000
  },
  {
    "date": "1994-12-25",
    "symbol": "AMD",
    "reportedCurrency": "USD",
    "cik": "0000002488",
    "filingDate": "1995-03-07",
    "acceptedDate": "1995-03-07 00:00:00",
    "fiscalYear": "1994",
    "period": "Q4",
    "revenue": 545209000,
    "costOfRevenue": 263837000,
    "grossProfit": 281372000,
    "researchAndDevelopmentExpenses": 76115000,
    "generalAndAdministrativeExpenses": 0,
    "sellingAndMarketingExpenses": 0,
    "sellingGeneralAndAdministrativeExpenses": 87236000,
    "otherExpenses": 41000,
    "operatingExpenses": 163392000,
    "costAndExpenses": 427229000,
    "netInterestIncome": 0,
    "interestIncome": 0,
    "interestExpense": 0,
    "depreciationAndAmortization": 56956000,
    "ebitda": 174936000,
    "ebit": 117980000,
    "nonOperatingIncomeExcludingInterest": 0,
    "operatingIncome": 117980000,
    "totalOtherIncomeExpensesNet": -55673000,
    "incomeBeforeTax": 62307000,
    "incomeTaxExpense": 21548000,
    "netIncomeFromContinuingOperations": 40759000,
    "netIncomeFromDiscontinuedOperations": 0,
    "otherAdjustmentsToNetIncome": 0,
    "netIncome": 40759000,
    "netIncomeDeductions": 0,
    "bottomLineNetIncome": 38171000,
    "eps": 0.19,
    "epsDiluted": 0.18,
    "weightedAverageShsOut": 198522000,
    "weightedAverageShsOutDil": 211287000
  },
  {
    "date": "1994-09-25",
    "symbol": "AMD",
    "reportedCurrency": "USD",
    "cik": "0000002488",
    "filingDate": "1994-11-04",
    "acceptedDate": "1994-11-04 00:00:00",
    "fiscalYear": "1994",
    "period": "Q3",
    "revenue": 543114000,
    "costOfRevenue": 252409000,
    "grossProfit": 290705000,
    "researchAndDevelopmentExpenses": 67759000,
    "generalAndAdministrativeExpenses": 0,
    "sellingAndMarketingExpenses": 0,
    "sellingGeneralAndAdministrativeExpenses": 87369000,
    "otherExpenses": 0,
    "operatingExpenses": 155128000,
    "costAndExpenses": 407537000,
    "netInterestIncome": 0,
    "interestIncome": 0,
    "interestExpense": 0,
    "depreciationAndAmortization": 54440000,
    "ebitda": 190017000,
    "ebit": 135577000,
    "nonOperatingIncomeExcludingInterest": 0,
    "operatingIncome": 135577000,
    "totalOtherIncomeExpensesNet": -4088000,
    "incomeBeforeTax": 131489000,
    "incomeTaxExpense": 44803000,
    "netIncomeFromContinuingOperations": 86686000,
    "netIncomeFromDiscontinuedOperations": 0,
    "otherAdjustmentsToNetIncome": 0,
    "netIncome": 86686000,
    "netIncomeDeductions": 0,
    "bottomLineNetIncome": 84099000,
    "eps": 0.43,
    "epsDiluted": 0.42,
    "weightedAverageShsOut": 195556000,
    "weightedAverageShsOutDil": 209744000
  },
  {
    "date": "1994-06-26",
    "symbol": "AMD",
    "reportedCurrency": "USD",
    "cik": "0000002488",
    "filingDate": "1994-08-01",
    "acceptedDate": "1994-08-01 00:00:00",
    "fiscalYear": "1994",
    "period": "Q2",
    "revenue": 533297000,
    "costOfRevenue": 235623000,
    "grossProfit": 297674000,
    "researchAndDevelopmentExpenses": 67889000,
    "generalAndAdministrativeExpenses": 0,
    "sellingAndMarketingExpenses": 0,
    "sellingGeneralAndAdministrativeExpenses": 91731000,
    "otherExpenses": 0,
    "operatingExpenses": 159620000,
    "costAndExpenses": 395243000,
    "netInterestIncome": 0,
    "interestIncome": 0,
    "interestExpense": 0,
    "depreciationAndAmortization": 53616000,
    "ebitda": 191670000,
    "ebit": 138054000,
    "nonOperatingIncomeExcludingInterest": 0,
    "operatingIncome": 138054000,
    "totalOtherIncomeExpensesNet": 2542000,
    "incomeBeforeTax": 140596000,
    "incomeTaxExpense": 47362000,
    "netIncomeFromContinuingOperations": 93234000,
    "netIncomeFromDiscontinuedOperations": 0,
    "otherAdjustmentsToNetIncome": 0,
    "netIncome": 93234000,
    "netIncomeDeductions": 0,
    "bottomLineNetIncome": 90647000,
    "eps": 0.47,
    "epsDiluted": 0.45,
    "weightedAverageShsOut": 194788000,
    "weightedAverageShsOutDil": 208498000
  },
  {
    "date": "1994-03-27",
    "symbol": "AMD",
    "reportedCurrency": "USD",
    "cik": "0000002488",
    "filingDate": "1994-04-08",
    "acceptedDate": "1994-04-08 00:00:00",
    "fiscalYear": "1994",
    "period": "Q1",
    "revenue": 513080000,
    "costOfRevenue": 230437000,
    "grossProfit": 282643000,
    "researchAndDevelopmentExpenses": 68221000,
    "generalAndAdministrativeExpenses": 0,
    "sellingAndMarketingExpenses": 0,
    "sellingGeneralAndAdministrativeExpenses": 92894000,
    "otherExpenses": 0,
    "operatingExpenses": 161115000,
    "costAndExpenses": 391552000,
    "netInterestIncome": 0,
    "interestIncome": 0,
    "interestExpense": 0,
    "depreciationAndAmortization": 50972000,
    "ebitda": 172500000,
    "ebit": 121528000,
    "nonOperatingIncomeExcludingInterest": 0,
    "operatingIncome": 121528000,
    "totalOtherIncomeExpensesNet": 2864000,
    "incomeBeforeTax": 124392000,
    "incomeTaxExpense": 39805000,
    "netIncomeFromContinuingOperations": 84587000,
    "netIncomeFromDiscontinuedOperations": 0,
    "otherAdjustmentsToNetIncome": 0,
    "netIncome": 84587000,
    "netIncomeDeductions": 0,
    "bottomLineNetIncome": 81999000,
    "eps": 0.43,
    "epsDiluted": 0.41,
    "weightedAverageShsOut": 192466000,
    "weightedAverageShsOutDil": 207340000
  },
  {
    "date": "1993-12-26",
    "symbol": "AMD",
    "reportedCurrency": "USD",
    "cik": "0000002488",
    "filingDate": "1994-03-07",
    "acceptedDate": "1994-03-07 00:00:00",
    "fiscalYear": "1993",
    "period": "Q4",
    "revenue": 413380000,
    "costOfRevenue": 342264000,
    "grossProfit": 71116000,
    "researchAndDevelopmentExpenses": 0,
    "generalAndAdministrativeExpenses": 0,
    "sellingAndMarketingExpenses": 0,
    "sellingGeneralAndAdministrativeExpenses": -112939000,
    "otherExpenses": 129102000,
    "operatingExpenses": 16163000,
    "costAndExpenses": 358427000,
    "netInterestIncome": 0,
    "interestIncome": 0,
    "interestExpense": 0,
    "depreciationAndAmortization": 41367000,
    "ebitda": 96320000,
    "ebit": 54953000,
    "nonOperatingIncomeExcludingInterest": 0,
    "operatingIncome": 54953000,
    "totalOtherIncomeExpensesNet": 2899000,
    "incomeBeforeTax": 57852000,
    "incomeTaxExpense": 16171000,
    "netIncomeFromContinuingOperations": 41681000,
    "netIncomeFromDiscontinuedOperations": 0,
    "otherAdjustmentsToNetIncome": 0,
    "netIncome": 41681000,
    "netIncomeDeductions": 0,
    "bottomLineNetIncome": 39131000,
    "eps": 0.21,
    "epsDiluted": 0.19,
    "weightedAverageShsOut": 190601421,
    "weightedAverageShsOutDil": 201115652
  },
  {
    "date": "1993-09-30",
    "symbol": "AMD",
    "reportedCurrency": "USD",
    "cik": "0000002488",
    "filingDate": "1993-09-30",
    "acceptedDate": "1993-09-30 00:00:00",
    "fiscalYear": "1993",
    "period": "Q3",
    "revenue": 418400000,
    "costOfRevenue": 153500000,
    "grossProfit": 264900000,
    "researchAndDevelopmentExpenses": 0,
    "generalAndAdministrativeExpenses": 0,
    "sellingAndMarketingExpenses": 0,
    "sellingGeneralAndAdministrativeExpenses": 136900000,
    "otherExpenses": 46500000,
    "operatingExpenses": 183400000,
    "costAndExpenses": 336900000,
    "netInterestIncome": 0,
    "interestIncome": 0,
    "interestExpense": 0,
    "depreciationAndAmortization": 42300000,
    "ebitda": 123800000,
    "ebit": 81500000,
    "nonOperatingIncomeExcludingInterest": 0,
    "operatingIncome": 81500000,
    "totalOtherIncomeExpensesNet": 3700000,
    "incomeBeforeTax": 85200000,
    "incomeTaxExpense": 23900000,
    "netIncomeFromContinuingOperations": 61300000,
    "netIncomeFromDiscontinuedOperations": 0,
    "otherAdjustmentsToNetIncome": 0,
    "netIncome": 61300000,
    "netIncomeDeductions": 0,
    "bottomLineNetIncome": 58700000,
    "eps": 0.31,
    "epsDiluted": 0.3,
    "weightedAverageShsOut": 189354839,
    "weightedAverageShsOutDil": 195666667
  },
  {
    "date": "1993-06-30",
    "symbol": "AMD",
    "reportedCurrency": "USD",
    "cik": "0000002488",
    "filingDate": "1993-06-30",
    "acceptedDate": "1993-06-30 00:00:00",
    "fiscalYear": "1993",
    "period": "Q2",
    "revenue": 409100000,
    "costOfRevenue": 136300000,
    "grossProfit": 272800000,
    "researchAndDevelopmentExpenses": 0,
    "generalAndAdministrativeExpenses": 0,
    "sellingAndMarketingExpenses": 0,
    "sellingGeneralAndAdministrativeExpenses": 136600000,
    "otherExpenses": 50600000,
    "operatingExpenses": 187200000,
    "costAndExpenses": 323500000,
    "netInterestIncome": 0,
    "interestIncome": 0,
    "interestExpense": 0,
    "depreciationAndAmortization": 50600000,
    "ebitda": 136200000,
    "ebit": 85600000,
    "nonOperatingIncomeExcludingInterest": 0,
    "operatingIncome": 85600000,
    "totalOtherIncomeExpensesNet": 3800000,
    "incomeBeforeTax": 89400000,
    "incomeTaxExpense": 25000000,
    "netIncomeFromContinuingOperations": 64400000,
    "netIncomeFromDiscontinuedOperations": 0,
    "otherAdjustmentsToNetIncome": 0,
    "netIncome": 64400000,
    "netIncomeDeductions": 0,
    "bottomLineNetIncome": 61800000,
    "eps": 0.33,
    "epsDiluted": 0.32,
    "weightedAverageShsOut": 187272727,
    "weightedAverageShsOutDil": 193125000
  },
  {
    "date": "1993-03-31",
    "symbol": "AMD",
    "reportedCurrency": "USD",
    "cik": "0000002488",
    "filingDate": "1993-03-31",
    "acceptedDate": "1993-03-31 00:00:00",
    "fiscalYear": "1993",
    "period": "Q1",
    "revenue": 407400000,
    "costOfRevenue": 153300000,
    "grossProfit": 254100000,
    "researchAndDevelopmentExpenses": 0,
    "generalAndAdministrativeExpenses": 0,
    "sellingAndMarketingExpenses": 0,
    "sellingGeneralAndAdministrativeExpenses": 130300000,
    "otherExpenses": 40800000,
    "operatingExpenses": 171100000,
    "costAndExpenses": 324400000,
    "netInterestIncome": 0,
    "interestIncome": 0,
    "interestExpense": 0,
    "depreciationAndAmortization": 40800000,
    "ebitda": 123800000,
    "ebit": 83000000,
    "nonOperatingIncomeExcludingInterest": 0,
    "operatingIncome": 83000000,
    "totalOtherIncomeExpensesNet": 2400000,
    "incomeBeforeTax": 85400000,
    "incomeTaxExpense": 23900000,
    "netIncomeFromContinuingOperations": 61500000,
    "netIncomeFromDiscontinuedOperations": 0,
    "otherAdjustmentsToNetIncome": 0,
    "netIncome": 61500000,
    "netIncomeDeductions": 0,
    "bottomLineNetIncome": 58900000,
    "eps": 0.32,
    "epsDiluted": 0.31,
    "weightedAverageShsOut": 184062500,
    "weightedAverageShsOutDil": 190000000
  },
  {
    "date": "1992-12-31",
    "symbol": "AMD",
    "reportedCurrency": "USD",
    "cik": "0000002488",
    "filingDate": "1992-12-31",
    "acceptedDate": "1992-12-31 00:00:00",
    "fiscalYear": "1992",
    "period": "Q4",
    "revenue": 400200000,
    "costOfRevenue": 154700000,
    "grossProfit": 245500000,
    "researchAndDevelopmentExpenses": 0,
    "generalAndAdministrativeExpenses": 0,
    "sellingAndMarketingExpenses": 0,
    "sellingGeneralAndAdministrativeExpenses": 128800000,
    "otherExpenses": 43600000,
    "operatingExpenses": 172400000,
    "costAndExpenses": 327100000,
    "netInterestIncome": 0,
    "interestIncome": 0,
    "interestExpense": 0,
    "depreciationAndAmortization": 43600000,
    "ebitda": 116700000,
    "ebit": 73100000,
    "nonOperatingIncomeExcludingInterest": 0,
    "operatingIncome": 73100000,
    "totalOtherIncomeExpensesNet": 2700000,
    "incomeBeforeTax": 75800000,
    "incomeTaxExpense": 6200000,
    "netIncomeFromContinuingOperations": 69600000,
    "netIncomeFromDiscontinuedOperations": 0,
    "otherAdjustmentsToNetIncome": 0,
    "netIncome": 69600000,
    "netIncomeDeductions": 0,
    "bottomLineNetIncome": 67000000,
    "eps": 0.37,
    "epsDiluted": 0.35,
    "weightedAverageShsOut": 182961483,
    "weightedAverageShsOutDil": 188840000
  },
  {
    "date": "1992-09-30",
    "symbol": "AMD",
    "reportedCurrency": "USD",
    "cik": "0000002488",
    "filingDate": "1992-09-30",
    "acceptedDate": "1992-09-30 00:00:00",
    "fiscalYear": "1992",
    "period": "Q3",
    "revenue": 356700000,
    "costOfRevenue": 145400000,
    "grossProfit": 211300000,
    "researchAndDevelopmentExpenses": 0,
    "generalAndAdministrativeExpenses": 0,
    "sellingAndMarketingExpenses": 0,
    "sellingGeneralAndAdministrativeExpenses": 122200000,
    "otherExpenses": 37400000,
    "operatingExpenses": 159600000,
    "costAndExpenses": 305000000,
    "netInterestIncome": 0,
    "interestIncome": 0,
    "interestExpense": 0,
    "depreciationAndAmortization": 37500000,
    "ebitda": 89200000,
    "ebit": 51700000,
    "nonOperatingIncomeExcludingInterest": 0,
    "operatingIncome": 51700000,
    "totalOtherIncomeExpensesNet": 500000,
    "incomeBeforeTax": 52200000,
    "incomeTaxExpense": 3100000,
    "netIncomeFromContinuingOperations": 49100000,
    "netIncomeFromDiscontinuedOperations": 0,
    "otherAdjustmentsToNetIncome": 0,
    "netIncome": 49100000,
    "netIncomeDeductions": 0,
    "bottomLineNetIncome": 46500000,
    "eps": 0.26,
    "epsDiluted": 0.25,
    "weightedAverageShsOut": 178846154,
    "weightedAverageShsOutDil": 186000000
  },
  {
    "date": "1992-06-30",
    "symbol": "AMD",
    "reportedCurrency": "USD",
    "cik": "0000002488",
    "filingDate": "1992-06-30",
    "acceptedDate": "1992-06-30 00:00:00",
    "fiscalYear": "1992",
    "period": "Q2",
    "revenue": 350200000,
    "costOfRevenue": 147600000,
    "grossProfit": 202600000,
    "researchAndDevelopmentExpenses": 0,
    "generalAndAdministrativeExpenses": 0,
    "sellingAndMarketingExpenses": 0,
    "sellingGeneralAndAdministrativeExpenses": 123900000,
    "otherExpenses": 34600000,
    "operatingExpenses": 158500000,
    "costAndExpenses": 306100000,
    "netInterestIncome": 0,
    "interestIncome": 0,
    "interestExpense": 0,
    "depreciationAndAmortization": 34500000,
    "ebitda": 78700000,
    "ebit": 44100000,
    "nonOperatingIncomeExcludingInterest": 0,
    "operatingIncome": 44100000,
    "totalOtherIncomeExpensesNet": -500000,
    "incomeBeforeTax": 43600000,
    "incomeTaxExpense": 2200000,
    "netIncomeFromContinuingOperations": 41400000,
    "netIncomeFromDiscontinuedOperations": 0,
    "otherAdjustmentsToNetIncome": 0,
    "netIncome": 41400000,
    "netIncomeDeductions": 0,
    "bottomLineNetIncome": 38800000,
    "eps": 0.22,
    "epsDiluted": 0.21,
    "weightedAverageShsOut": 176363636,
    "weightedAverageShsOutDil": 184761905
  },
  {
    "date": "1992-03-31",
    "symbol": "AMD",
    "reportedCurrency": "USD",
    "cik": "0000002488",
    "filingDate": "1992-03-31",
    "acceptedDate": "1992-03-31 00:00:00",
    "fiscalYear": "1992",
    "period": "Q1",
    "revenue": 407400000,
    "costOfRevenue": 146500000,
    "grossProfit": 260900000,
    "researchAndDevelopmentExpenses": 0,
    "generalAndAdministrativeExpenses": 0,
    "sellingAndMarketingExpenses": 0,
    "sellingGeneralAndAdministrativeExpenses": 123200000,
    "otherExpenses": 36700000,
    "operatingExpenses": 159900000,
    "costAndExpenses": 306400000,
    "netInterestIncome": 0,
    "interestIncome": 0,
    "interestExpense": 0,
    "depreciationAndAmortization": 36700000,
    "ebitda": 137700000,
    "ebit": 101000000,
    "nonOperatingIncomeExcludingInterest": 0,
    "operatingIncome": 101000000,
    "totalOtherIncomeExpensesNet": -1100000,
    "incomeBeforeTax": 99900000,
    "incomeTaxExpense": 15000000,
    "netIncomeFromContinuingOperations": 84900000,
    "netIncomeFromDiscontinuedOperations": 0,
    "otherAdjustmentsToNetIncome": 0,
    "netIncome": 84900000,
    "netIncomeDeductions": 0,
    "bottomLineNetIncome": 82300000,
    "eps": 0.45,
    "epsDiluted": 0.43,
    "weightedAverageShsOut": 182888889,
    "weightedAverageShsOutDil": 191395349
  },
  {
    "date": "1991-12-31",
    "symbol": "AMD",
    "reportedCurrency": "USD",
    "cik": "0000002488",
    "filingDate": "1991-12-31",
    "acceptedDate": "1991-12-31 00:00:00",
    "fiscalYear": "1991",
    "period": "Q4",
    "revenue": 366100000,
    "costOfRevenue": 137300000,
    "grossProfit": 228800000,
    "researchAndDevelopmentExpenses": 0,
    "generalAndAdministrativeExpenses": 0,
    "sellingAndMarketingExpenses": 0,
    "sellingGeneralAndAdministrativeExpenses": 117000000,
    "otherExpenses": 48700000,
    "operatingExpenses": 165700000,
    "costAndExpenses": 303000000,
    "netInterestIncome": 0,
    "interestIncome": 0,
    "interestExpense": 0,
    "depreciationAndAmortization": 48700000,
    "ebitda": 111800000,
    "ebit": 63100000,
    "nonOperatingIncomeExcludingInterest": 0,
    "operatingIncome": 63100000,
    "totalOtherIncomeExpensesNet": 43700000,
    "incomeBeforeTax": 106800000,
    "incomeTaxExpense": 0,
    "netIncomeFromContinuingOperations": 106800000,
    "netIncomeFromDiscontinuedOperations": 0,
    "otherAdjustmentsToNetIncome": 0,
    "netIncome": 106800000,
    "netIncomeDeductions": 0,
    "bottomLineNetIncome": 104200000,
    "eps": 0.58,
    "epsDiluted": 0.56,
    "weightedAverageShsOut": 179041847,
    "weightedAverageShsOutDil": 184447675
  },
  {
    "date": "1991-09-30",
    "symbol": "AMD",
    "reportedCurrency": "USD",
    "cik": "0000002488",
    "filingDate": "1991-09-30",
    "acceptedDate": "1991-09-30 00:00:00",
    "fiscalYear": "1991",
    "period": "Q3",
    "revenue": 289400000,
    "costOfRevenue": 124100000,
    "grossProfit": 165300000,
    "researchAndDevelopmentExpenses": 0,
    "generalAndAdministrativeExpenses": 0,
    "sellingAndMarketingExpenses": 0,
    "sellingGeneralAndAdministrativeExpenses": 109500000,
    "otherExpenses": 35800000,
    "operatingExpenses": 145300000,
    "costAndExpenses": 269400000,
    "netInterestIncome": 0,
    "interestIncome": 0,
    "interestExpense": 0,
    "depreciationAndAmortization": 35800000,
    "ebitda": 55800000,
    "ebit": 20000000,
    "nonOperatingIncomeExcludingInterest": 0,
    "operatingIncome": 20000000,
    "totalOtherIncomeExpensesNet": -2900000,
    "incomeBeforeTax": 17100000,
    "incomeTaxExpense": 0,
    "netIncomeFromContinuingOperations": 17100000,
    "netIncomeFromDiscontinuedOperations": 0,
    "otherAdjustmentsToNetIncome": 0,
    "netIncome": 17100000,
    "netIncomeDeductions": 0,
    "bottomLineNetIncome": 14500000,
    "eps": 0.08,
    "epsDiluted": 0.08,
    "weightedAverageShsOut": 181250000,
    "weightedAverageShsOutDil": 181250000
  },
  {
    "date": "1991-06-30",
    "symbol": "AMD",
    "reportedCurrency": "USD",
    "cik": "0000002488",
    "filingDate": "1991-06-30",
    "acceptedDate": "1991-06-30 00:00:00",
    "fiscalYear": "1991",
    "period": "Q2",
    "revenue": 296800000,
    "costOfRevenue": 121500000,
    "grossProfit": 175300000,
    "researchAndDevelopmentExpenses": 0,
    "generalAndAdministrativeExpenses": 0,
    "sellingAndMarketingExpenses": 0,
    "sellingGeneralAndAdministrativeExpenses": 120500000,
    "otherExpenses": 34900000,
    "operatingExpenses": 155400000,
    "costAndExpenses": 276900000,
    "netInterestIncome": 0,
    "interestIncome": 0,
    "interestExpense": 0,
    "depreciationAndAmortization": 34900000,
    "ebitda": 54800000,
    "ebit": 19900000,
    "nonOperatingIncomeExcludingInterest": 0,
    "operatingIncome": 19900000,
    "totalOtherIncomeExpensesNet": -2600000,
    "incomeBeforeTax": 17300000,
    "incomeTaxExpense": 0,
    "netIncomeFromContinuingOperations": 17300000,
    "netIncomeFromDiscontinuedOperations": 0,
    "otherAdjustmentsToNetIncome": 0,
    "netIncome": 17300000,
    "netIncomeDeductions": 0,
    "bottomLineNetIncome": 14700000,
    "eps": 0.09,
    "epsDiluted": 0.09,
    "weightedAverageShsOut": 163333333,
    "weightedAverageShsOutDil": 163333333
  },
  {
    "date": "1991-03-31",
    "symbol": "AMD",
    "reportedCurrency": "USD",
    "cik": "0000002488",
    "filingDate": "1991-03-31",
    "acceptedDate": "1991-03-31 00:00:00",
    "fiscalYear": "1991",
    "period": "Q1",
    "revenue": 274300000,
    "costOfRevenue": 120000000,
    "grossProfit": 154300000,
    "researchAndDevelopmentExpenses": 0,
    "generalAndAdministrativeExpenses": 0,
    "sellingAndMarketingExpenses": 0,
    "sellingGeneralAndAdministrativeExpenses": 111700000,
    "otherExpenses": 36500000,
    "operatingExpenses": 148200000,
    "costAndExpenses": 268200000,
    "netInterestIncome": 0,
    "interestIncome": 0,
    "interestExpense": 0,
    "depreciationAndAmortization": 36500000,
    "ebitda": 42600000,
    "ebit": 6100000,
    "nonOperatingIncomeExcludingInterest": 0,
    "operatingIncome": 6100000,
    "totalOtherIncomeExpensesNet": -1900000,
    "incomeBeforeTax": 4200000,
    "incomeTaxExpense": 0,
    "netIncomeFromContinuingOperations": 4200000,
    "netIncomeFromDiscontinuedOperations": 0,
    "otherAdjustmentsToNetIncome": 0,
    "netIncome": 4200000,
    "netIncomeDeductions": 0,
    "bottomLineNetIncome": 1600000,
    "eps": 0.01,
    "epsDiluted": 0.01,
    "weightedAverageShsOut": 160000000,
    "weightedAverageShsOutDil": 160000000
  },
  {
    "date": "1990-12-31",
    "symbol": "AMD",
    "reportedCurrency": "USD",
    "cik": "0000002488",
    "filingDate": "1990-12-31",
    "acceptedDate": "1990-12-31 00:00:00",
    "fiscalYear": "1990",
    "period": "Q4",
    "revenue": 265900000,
    "costOfRevenue": 138800000,
    "grossProfit": 127100000,
    "researchAndDevelopmentExpenses": 0,
    "generalAndAdministrativeExpenses": 0,
    "sellingAndMarketingExpenses": 0,
    "sellingGeneralAndAdministrativeExpenses": 110000000,
    "otherExpenses": 33600000,
    "operatingExpenses": 143600000,
    "costAndExpenses": 282400000,
    "netInterestIncome": 0,
    "interestIncome": 0,
    "interestExpense": 0,
    "depreciationAndAmortization": 33600000,
    "ebitda": 17100000,
    "ebit": -16500000,
    "nonOperatingIncomeExcludingInterest": 0,
    "operatingIncome": -16500000,
    "totalOtherIncomeExpensesNet": -26500000,
    "incomeBeforeTax": -43000000,
    "incomeTaxExpense": 0,
    "netIncomeFromContinuingOperations": -43000000,
    "netIncomeFromDiscontinuedOperations": 0,
    "otherAdjustmentsToNetIncome": 0,
    "netIncome": -43000000,
    "netIncomeDeductions": 0,
    "bottomLineNetIncome": -45600000,
    "eps": -0.28,
    "epsDiluted": -0.28,
    "weightedAverageShsOut": 162051282,
    "weightedAverageShsOutDil": 162051282
  },
  {
    "date": "1990-09-30",
    "symbol": "AMD",
    "reportedCurrency": "USD",
    "cik": "0000002488",
    "filingDate": "1990-09-30",
    "acceptedDate": "1990-09-30 00:00:00",
    "fiscalYear": "1990",
    "period": "Q3",
    "revenue": 254200000,
    "costOfRevenue": 146400000,
    "grossProfit": 107800000,
    "researchAndDevelopmentExpenses": 0,
    "generalAndAdministrativeExpenses": 0,
    "sellingAndMarketingExpenses": 0,
    "sellingGeneralAndAdministrativeExpenses": 103400000,
    "otherExpenses": 24100000,
    "operatingExpenses": 127500000,
    "costAndExpenses": 273900000,
    "netInterestIncome": 0,
    "interestIncome": 0,
    "interestExpense": 0,
    "depreciationAndAmortization": 24200000,
    "ebitda": 4500000,
    "ebit": -19700000,
    "nonOperatingIncomeExcludingInterest": 0,
    "operatingIncome": -19700000,
    "totalOtherIncomeExpensesNet": 1900000,
    "incomeBeforeTax": -17800000,
    "incomeTaxExpense": 0,
    "netIncomeFromContinuingOperations": -17800000,
    "netIncomeFromDiscontinuedOperations": 0,
    "otherAdjustmentsToNetIncome": 0,
    "netIncome": -17800000,
    "netIncomeDeductions": 0,
    "bottomLineNetIncome": -20400000,
    "eps": -0.13,
    "epsDiluted": -0.13,
    "weightedAverageShsOut": 156923077,
    "weightedAverageShsOutDil": 156923077
  },
  {
    "date": "1990-06-30",
    "symbol": "AMD",
    "reportedCurrency": "USD",
    "cik": "0000002488",
    "filingDate": "1990-06-30",
    "acceptedDate": "1990-06-30 00:00:00",
    "fiscalYear": "1990",
    "period": "Q2",
    "revenue": 267700000,
    "costOfRevenue": 137500000,
    "grossProfit": 130200000,
    "researchAndDevelopmentExpenses": 0,
    "generalAndAdministrativeExpenses": 0,
    "sellingAndMarketingExpenses": 0,
    "sellingGeneralAndAdministrativeExpenses": 105500000,
    "otherExpenses": 39900000,
    "operatingExpenses": 145400000,
    "costAndExpenses": 282900000,
    "netInterestIncome": 0,
    "interestIncome": 0,
    "interestExpense": 0,
    "depreciationAndAmortization": 39800000,
    "ebitda": 24700000,
    "ebit": -15200000,
    "nonOperatingIncomeExcludingInterest": 0,
    "operatingIncome": -15200000,
    "totalOtherIncomeExpensesNet": 8600000,
    "incomeBeforeTax": -6600000,
    "incomeTaxExpense": -700000,
    "netIncomeFromContinuingOperations": -5900000,
    "netIncomeFromDiscontinuedOperations": 0,
    "otherAdjustmentsToNetIncome": 0,
    "netIncome": -5900000,
    "netIncomeDeductions": 0,
    "bottomLineNetIncome": -8500000,
    "eps": -0.05,
    "epsDiluted": -0.05,
    "weightedAverageShsOut": 170000000,
    "weightedAverageShsOutDil": 170000000
  },
  {
    "date": "1990-03-31",
    "symbol": "AMD",
    "reportedCurrency": "USD",
    "cik": "0000002488",
    "filingDate": "1990-03-31",
    "acceptedDate": "1990-03-31 00:00:00",
    "fiscalYear": "1990",
    "period": "Q1",
    "revenue": 271500000,
    "costOfRevenue": 127400000,
    "grossProfit": 144100000,
    "researchAndDevelopmentExpenses": 0,
    "generalAndAdministrativeExpenses": 0,
    "sellingAndMarketingExpenses": 0,
    "sellingGeneralAndAdministrativeExpenses": 113000000,
    "otherExpenses": 30700000,
    "operatingExpenses": 143700000,
    "costAndExpenses": 271100000,
    "netInterestIncome": 0,
    "interestIncome": 0,
    "interestExpense": 0,
    "depreciationAndAmortization": 30700000,
    "ebitda": 31100000,
    "ebit": 400000,
    "nonOperatingIncomeExcludingInterest": 0,
    "operatingIncome": 400000,
    "totalOtherIncomeExpensesNet": 13400000,
    "incomeBeforeTax": 13800000,
    "incomeTaxExpense": 700000,
    "netIncomeFromContinuingOperations": 13100000,
    "netIncomeFromDiscontinuedOperations": 0,
    "otherAdjustmentsToNetIncome": 0,
    "netIncome": 13100000,
    "netIncomeDeductions": 0,
    "bottomLineNetIncome": 10500000,
    "eps": 0.07,
    "epsDiluted": 0.07,
    "weightedAverageShsOut": 150000000,
    "weightedAverageShsOutDil": 150000000
  },
  {
    "date": "1989-12-31",
    "symbol": "AMD",
    "reportedCurrency": "USD",
    "cik": "0000002488",
    "filingDate": "1989-12-31",
    "acceptedDate": "1989-12-31 00:00:00",
    "fiscalYear": "1989",
    "period": "Q4",
    "revenue": 285200000,
    "costOfRevenue": 130500000,
    "grossProfit": 154700000,
    "researchAndDevelopmentExpenses": 0,
    "generalAndAdministrativeExpenses": 0,
    "sellingAndMarketingExpenses": 0,
    "sellingGeneralAndAdministrativeExpenses": 114800000,
    "otherExpenses": 31500000,
    "operatingExpenses": 146300000,
    "costAndExpenses": 276800000,
    "netInterestIncome": 0,
    "interestIncome": 0,
    "interestExpense": 0,
    "depreciationAndAmortization": 31500000,
    "ebitda": 39900000,
    "ebit": 8400000,
    "nonOperatingIncomeExcludingInterest": 0,
    "operatingIncome": 8400000,
    "totalOtherIncomeExpensesNet": 3500000,
    "incomeBeforeTax": 11900000,
    "incomeTaxExpense": 0,
    "netIncomeFromContinuingOperations": 11900000,
    "netIncomeFromDiscontinuedOperations": 0,
    "otherAdjustmentsToNetIncome": 0,
    "netIncome": 11900000,
    "netIncomeDeductions": 0,
    "bottomLineNetIncome": 9300000,
    "eps": 0.0596,
    "epsDiluted": 0.0596,
    "weightedAverageShsOut": 156136364,
    "weightedAverageShsOutDil": 156136364
  },
  {
    "date": "1989-09-30",
    "symbol": "AMD",
    "reportedCurrency": "USD",
    "cik": "0000002488",
    "filingDate": "1989-09-30",
    "acceptedDate": "1989-09-30 00:00:00",
    "fiscalYear": "1989",
    "period": "Q3",
    "revenue": 274800000,
    "costOfRevenue": 128200000,
    "grossProfit": 146600000,
    "researchAndDevelopmentExpenses": 0,
    "generalAndAdministrativeExpenses": 0,
    "sellingAndMarketingExpenses": 0,
    "sellingGeneralAndAdministrativeExpenses": 102200000,
    "otherExpenses": 33900000,
    "operatingExpenses": 136100000,
    "costAndExpenses": 264300000,
    "netInterestIncome": 0,
    "interestIncome": 0,
    "interestExpense": 0,
    "depreciationAndAmortization": 33900000,
    "ebitda": 44400000,
    "ebit": 10500000,
    "nonOperatingIncomeExcludingInterest": 0,
    "operatingIncome": 10500000,
    "totalOtherIncomeExpensesNet": 2900000,
    "incomeBeforeTax": 13400000,
    "incomeTaxExpense": 1300000,
    "netIncomeFromContinuingOperations": 12100000,
    "netIncomeFromDiscontinuedOperations": 0,
    "otherAdjustmentsToNetIncome": 0,
    "netIncome": 12100000,
    "netIncomeDeductions": 0,
    "bottomLineNetIncome": 9500000,
    "eps": 0.06,
    "epsDiluted": 0.06,
    "weightedAverageShsOut": 158333333,
    "weightedAverageShsOutDil": 158333333
  },
  {
    "date": "1989-06-30",
    "symbol": "AMD",
    "reportedCurrency": "USD",
    "cik": "0000002488",
    "filingDate": "1989-06-30",
    "acceptedDate": "1989-06-30 00:00:00",
    "fiscalYear": "1989",
    "period": "Q2",
    "revenue": 274900000,
    "costOfRevenue": 0,
    "grossProfit": 274900000,
    "researchAndDevelopmentExpenses": 0,
    "generalAndAdministrativeExpenses": 0,
    "sellingAndMarketingExpenses": 0,
    "sellingGeneralAndAdministrativeExpenses": 0,
    "otherExpenses": 0,
    "operatingExpenses": 0,
    "costAndExpenses": 0,
    "netInterestIncome": 0,
    "interestIncome": 0,
    "interestExpense": 0,
    "depreciationAndAmortization": 0,
    "ebitda": 274900000,
    "ebit": 274900000,
    "nonOperatingIncomeExcludingInterest": 0,
    "operatingIncome": 274900000,
    "totalOtherIncomeExpensesNet": -262800000,
    "incomeBeforeTax": 12100000,
    "incomeTaxExpense": 0,
    "netIncomeFromContinuingOperations": 12100000,
    "netIncomeFromDiscontinuedOperations": 0,
    "otherAdjustmentsToNetIncome": 0,
    "netIncome": 12100000,
    "netIncomeDeductions": 0,
    "bottomLineNetIncome": 12100000,
    "eps": 0.06,
    "epsDiluted": 0.06,
    "weightedAverageShsOut": 159894000,
    "weightedAverageShsOutDil": 159894000
  },
  {
    "date": "1989-03-31",
    "symbol": "AMD",
    "reportedCurrency": "USD",
    "cik": "0000002488",
    "filingDate": "1989-03-31",
    "acceptedDate": "1989-03-31 00:00:00",
    "fiscalYear": "1989",
    "period": "Q1",
    "revenue": 269600000,
    "costOfRevenue": 0,
    "grossProfit": 269600000,
    "researchAndDevelopmentExpenses": 0,
    "generalAndAdministrativeExpenses": 0,
    "sellingAndMarketingExpenses": 0,
    "sellingGeneralAndAdministrativeExpenses": 0,
    "otherExpenses": 0,
    "operatingExpenses": 0,
    "costAndExpenses": 0,
    "netInterestIncome": 0,
    "interestIncome": 0,
    "interestExpense": 0,
    "depreciationAndAmortization": 0,
    "ebitda": 269600000,
    "ebit": 269600000,
    "nonOperatingIncomeExcludingInterest": 0,
    "operatingIncome": 269600000,
    "totalOtherIncomeExpensesNet": -259500000,
    "incomeBeforeTax": 10100000,
    "incomeTaxExpense": 0,
    "netIncomeFromContinuingOperations": 10100000,
    "netIncomeFromDiscontinuedOperations": 0,
    "otherAdjustmentsToNetIncome": 0,
    "netIncome": 10100000,
    "netIncomeDeductions": 0,
    "bottomLineNetIncome": 10100000,
    "eps": 0.05,
    "epsDiluted": 0.05,
    "weightedAverageShsOut": 159882000,
    "weightedAverageShsOutDil": 159882000
  },
  {
    "date": "1988-12-31",
    "symbol": "AMD",
    "reportedCurrency": "USD",
    "cik": "0000002488",
    "filingDate": "1988-12-31",
    "acceptedDate": "1988-12-31 00:00:00",
    "fiscalYear": "1988",
    "period": "Q4",
    "revenue": 248100000,
    "costOfRevenue": 0,
    "grossProfit": 248100000,
    "researchAndDevelopmentExpenses": 0,
    "generalAndAdministrativeExpenses": 0,
    "sellingAndMarketingExpenses": 0,
    "sellingGeneralAndAdministrativeExpenses": 0,
    "otherExpenses": 1094400000,
    "operatingExpenses": 1094400000,
    "costAndExpenses": 1094400000,
    "netInterestIncome": 0,
    "interestIncome": 0,
    "interestExpense": 0,
    "depreciationAndAmortization": 0,
    "ebitda": -846300000,
    "ebit": -846300000,
    "nonOperatingIncomeExcludingInterest": 0,
    "operatingIncome": -846300000,
    "totalOtherIncomeExpensesNet": 812200000,
    "incomeBeforeTax": -34100000,
    "incomeTaxExpense": 0,
    "netIncomeFromContinuingOperations": -34100000,
    "netIncomeFromDiscontinuedOperations": 0,
    "otherAdjustmentsToNetIncome": 0,
    "netIncome": -34100000,
    "netIncomeDeductions": 0,
    "bottomLineNetIncome": -34100000,
    "eps": -0.22,
    "epsDiluted": -0.22,
    "weightedAverageShsOut": 154107667,
    "weightedAverageShsOutDil": 154107667
  },
  {
    "date": "1988-09-30",
    "symbol": "AMD",
    "reportedCurrency": "USD",
    "cik": "0000002488",
    "filingDate": "1988-09-30",
    "acceptedDate": "1988-09-30 00:00:00",
    "fiscalYear": "1988",
    "period": "Q3",
    "revenue": 285500000,
    "costOfRevenue": 0,
    "grossProfit": 285500000,
    "researchAndDevelopmentExpenses": 0,
    "generalAndAdministrativeExpenses": 0,
    "sellingAndMarketingExpenses": 0,
    "sellingGeneralAndAdministrativeExpenses": 0,
    "otherExpenses": 0,
    "operatingExpenses": 0,
    "costAndExpenses": 0,
    "netInterestIncome": 0,
    "interestIncome": 0,
    "interestExpense": 0,
    "depreciationAndAmortization": 0,
    "ebitda": 285500000,
    "ebit": 285500000,
    "nonOperatingIncomeExcludingInterest": 0,
    "operatingIncome": 285500000,
    "totalOtherIncomeExpensesNet": -278300000,
    "incomeBeforeTax": 7200000,
    "incomeTaxExpense": 0,
    "netIncomeFromContinuingOperations": 7200000,
    "netIncomeFromDiscontinuedOperations": 0,
    "otherAdjustmentsToNetIncome": 0,
    "netIncome": 7200000,
    "netIncomeDeductions": 0,
    "bottomLineNetIncome": 7200000,
    "eps": 0.0461,
    "epsDiluted": 0.0461,
    "weightedAverageShsOut": 156014000,
    "weightedAverageShsOutDil": 156014000
  },
  {
    "date": "1988-06-30",
    "symbol": "AMD",
    "reportedCurrency": "USD",
    "cik": "0000002488",
    "filingDate": "1988-06-30",
    "acceptedDate": "1988-06-30 00:00:00",
    "fiscalYear": "1988",
    "period": "Q2",
    "revenue": 308100000,
    "costOfRevenue": 0,
    "grossProfit": 308100000,
    "researchAndDevelopmentExpenses": 0,
    "generalAndAdministrativeExpenses": 0,
    "sellingAndMarketingExpenses": 0,
    "sellingGeneralAndAdministrativeExpenses": 0,
    "otherExpenses": 0,
    "operatingExpenses": 0,
    "costAndExpenses": 0,
    "netInterestIncome": 0,
    "interestIncome": 0,
    "interestExpense": 0,
    "depreciationAndAmortization": 0,
    "ebitda": 308100000,
    "ebit": 308100000,
    "nonOperatingIncomeExcludingInterest": 0,
    "operatingIncome": 308100000,
    "totalOtherIncomeExpensesNet": -282000000,
    "incomeBeforeTax": 26100000,
    "incomeTaxExpense": 0,
    "netIncomeFromContinuingOperations": 26100000,
    "netIncomeFromDiscontinuedOperations": 0,
    "otherAdjustmentsToNetIncome": 0,
    "netIncome": 26100000,
    "netIncomeDeductions": 0,
    "bottomLineNetIncome": 26100000,
    "eps": 0.15,
    "epsDiluted": 0.15,
    "weightedAverageShsOut": 156014000,
    "weightedAverageShsOutDil": 156014000
  },
  {
    "date": "1988-03-31",
    "symbol": "AMD",
    "reportedCurrency": "USD",
    "cik": "0000002488",
    "filingDate": "1988-03-31",
    "acceptedDate": "1988-03-31 00:00:00",
    "fiscalYear": "1988",
    "period": "Q1",
    "revenue": 284200000,
    "costOfRevenue": 0,
    "grossProfit": 284200000,
    "researchAndDevelopmentExpenses": 0,
    "generalAndAdministrativeExpenses": 0,
    "sellingAndMarketingExpenses": 0,
    "sellingGeneralAndAdministrativeExpenses": 0,
    "otherExpenses": 0,
    "operatingExpenses": 0,
    "costAndExpenses": 0,
    "netInterestIncome": 0,
    "interestIncome": 0,
    "interestExpense": 0,
    "depreciationAndAmortization": 0,
    "ebitda": 284200000,
    "ebit": 284200000,
    "nonOperatingIncomeExcludingInterest": 0,
    "operatingIncome": 284200000,
    "totalOtherIncomeExpensesNet": -264000000,
    "incomeBeforeTax": 20200000,
    "incomeTaxExpense": 0,
    "netIncomeFromContinuingOperations": 20200000,
    "netIncomeFromDiscontinuedOperations": 0,
    "otherAdjustmentsToNetIncome": 0,
    "netIncome": 20200000,
    "netIncomeDeductions": 0,
    "bottomLineNetIncome": 20200000,
    "eps": 0.11,
    "epsDiluted": 0.11,
    "weightedAverageShsOut": 154600000,
    "weightedAverageShsOutDil": 154600000
  },
  {
    "date": "1987-12-31",
    "symbol": "AMD",
    "reportedCurrency": "USD",
    "cik": "0000002488",
    "filingDate": "1987-12-31",
    "acceptedDate": "1987-12-31 00:00:00",
    "fiscalYear": "1987",
    "period": "Q4",
    "revenue": 262600000,
    "costOfRevenue": 0,
    "grossProfit": 262600000,
    "researchAndDevelopmentExpenses": 0,
    "generalAndAdministrativeExpenses": 0,
    "sellingAndMarketingExpenses": 0,
    "sellingGeneralAndAdministrativeExpenses": 0,
    "otherExpenses": 1013300000,
    "operatingExpenses": 1013300000,
    "costAndExpenses": 1013300000,
    "netInterestIncome": 0,
    "interestIncome": 0,
    "interestExpense": 0,
    "depreciationAndAmortization": 0,
    "ebitda": -750700000,
    "ebit": -750700000,
    "nonOperatingIncomeExcludingInterest": 0,
    "operatingIncome": -750700000,
    "totalOtherIncomeExpensesNet": 748000000,
    "incomeBeforeTax": -2700000,
    "incomeTaxExpense": 0,
    "netIncomeFromContinuingOperations": -2700000,
    "netIncomeFromDiscontinuedOperations": 0,
    "otherAdjustmentsToNetIncome": 0,
    "netIncome": -2700000,
    "netIncomeDeductions": 0,
    "bottomLineNetIncome": -2700000,
    "eps": -0.0174,
    "epsDiluted": -0.0174,
    "weightedAverageShsOut": 154938889,
    "weightedAverageShsOutDil": 154938889
  },
  {
    "date": "1987-09-30",
    "symbol": "AMD",
    "reportedCurrency": "USD",
    "cik": "0000002488",
    "filingDate": "1987-09-30",
    "acceptedDate": "1987-09-30 00:00:00",
    "fiscalYear": "1987",
    "period": "Q3",
    "revenue": 260900000,
    "costOfRevenue": 0,
    "grossProfit": 260900000,
    "researchAndDevelopmentExpenses": 0,
    "generalAndAdministrativeExpenses": 0,
    "sellingAndMarketingExpenses": 0,
    "sellingGeneralAndAdministrativeExpenses": 0,
    "otherExpenses": 0,
    "operatingExpenses": 0,
    "costAndExpenses": 0,
    "netInterestIncome": 0,
    "interestIncome": 0,
    "interestExpense": 0,
    "depreciationAndAmortization": 0,
    "ebitda": 260900000,
    "ebit": 260900000,
    "nonOperatingIncomeExcludingInterest": 0,
    "operatingIncome": 260900000,
    "totalOtherIncomeExpensesNet": -314700000,
    "incomeBeforeTax": -53800000,
    "incomeTaxExpense": 0,
    "netIncomeFromContinuingOperations": -53800000,
    "netIncomeFromDiscontinuedOperations": 0,
    "otherAdjustmentsToNetIncome": 0,
    "netIncome": -53800000,
    "netIncomeDeductions": 0,
    "bottomLineNetIncome": -53800000,
    "eps": -0.35,
    "epsDiluted": -0.35,
    "weightedAverageShsOut": 154600000,
    "weightedAverageShsOutDil": 154600000
  },
  {
    "date": "1987-06-30",
    "symbol": "AMD",
    "reportedCurrency": "USD",
    "cik": "0000002488",
    "filingDate": "1987-06-30",
    "acceptedDate": "1987-06-30 00:00:00",
    "fiscalYear": "1987",
    "period": "Q2",
    "revenue": 473600000,
    "costOfRevenue": 0,
    "grossProfit": 473600000,
    "researchAndDevelopmentExpenses": 0,
    "generalAndAdministrativeExpenses": 0,
    "sellingAndMarketingExpenses": 0,
    "sellingGeneralAndAdministrativeExpenses": 0,
    "otherExpenses": 0,
    "operatingExpenses": 0,
    "costAndExpenses": 0,
    "netInterestIncome": 0,
    "interestIncome": 0,
    "interestExpense": 0,
    "depreciationAndAmortization": 0,
    "ebitda": 473600000,
    "ebit": 473600000,
    "nonOperatingIncomeExcludingInterest": 0,
    "operatingIncome": 473600000,
    "totalOtherIncomeExpensesNet": -465300000,
    "incomeBeforeTax": 8300000,
    "incomeTaxExpense": 0,
    "netIncomeFromContinuingOperations": 8300000,
    "netIncomeFromDiscontinuedOperations": 0,
    "otherAdjustmentsToNetIncome": 0,
    "netIncome": 8300000,
    "netIncomeDeductions": 0,
    "bottomLineNetIncome": 8300000,
    "eps": 0.04,
    "epsDiluted": 0.04,
    "weightedAverageShsOut": 161028000,
    "weightedAverageShsOutDil": 161028000
  },
  {
    "date": "1987-03-31",
    "symbol": "AMD",
    "reportedCurrency": "USD",
    "cik": "0000002488",
    "filingDate": "1987-03-31",
    "acceptedDate": "1987-03-31 00:00:00",
    "fiscalYear": "1987",
    "period": "Q1",
    "revenue": 170200000,
    "costOfRevenue": 0,
    "grossProfit": 170200000,
    "researchAndDevelopmentExpenses": 0,
    "generalAndAdministrativeExpenses": 0,
    "sellingAndMarketingExpenses": 0,
    "sellingGeneralAndAdministrativeExpenses": 0,
    "otherExpenses": 693700000,
    "operatingExpenses": 693700000,
    "costAndExpenses": 693700000,
    "netInterestIncome": 0,
    "interestIncome": 0,
    "interestExpense": 0,
    "depreciationAndAmortization": 0,
    "ebitda": -523500000,
    "ebit": -523500000,
    "nonOperatingIncomeExcludingInterest": 0,
    "operatingIncome": -523500000,
    "totalOtherIncomeExpensesNet": 520200000,
    "incomeBeforeTax": -3300000,
    "incomeTaxExpense": 0,
    "netIncomeFromContinuingOperations": -3300000,
    "netIncomeFromDiscontinuedOperations": 0,
    "otherAdjustmentsToNetIncome": 0,
    "netIncome": -3300000,
    "netIncomeDeductions": 0,
    "bottomLineNetIncome": -3300000,
    "eps": -0.024,
    "epsDiluted": -0.024,
    "weightedAverageShsOut": 137673000,
    "weightedAverageShsOutDil": 137673000
  },
  {
    "date": "1986-12-31",
    "symbol": "AMD",
    "reportedCurrency": "USD",
    "cik": "0000002488",
    "filingDate": "1986-12-31",
    "acceptedDate": "1986-12-31 00:00:00",
    "fiscalYear": "1986",
    "period": "Q4",
    "revenue": 150200000,
    "costOfRevenue": 0,
    "grossProfit": 150200000,
    "researchAndDevelopmentExpenses": 0,
    "generalAndAdministrativeExpenses": 0,
    "sellingAndMarketingExpenses": 0,
    "sellingGeneralAndAdministrativeExpenses": 0,
    "otherExpenses": 0,
    "operatingExpenses": 0,
    "costAndExpenses": 0,
    "netInterestIncome": 0,
    "interestIncome": 0,
    "interestExpense": 0,
    "depreciationAndAmortization": 0,
    "ebitda": 150200000,
    "ebit": 150200000,
    "nonOperatingIncomeExcludingInterest": 0,
    "operatingIncome": 150200000,
    "totalOtherIncomeExpensesNet": -167900000,
    "incomeBeforeTax": -17700000,
    "incomeTaxExpense": 0,
    "netIncomeFromContinuingOperations": -17700000,
    "netIncomeFromDiscontinuedOperations": 0,
    "otherAdjustmentsToNetIncome": 0,
    "netIncome": -17700000,
    "netIncomeDeductions": 0,
    "bottomLineNetIncome": -17700000,
    "eps": -0.15,
    "epsDiluted": -0.15,
    "weightedAverageShsOut": 114318000,
    "weightedAverageShsOutDil": 114318000
  },
  {
    "date": "1986-09-30",
    "symbol": "AMD",
    "reportedCurrency": "USD",
    "cik": "0000002488",
    "filingDate": "1986-09-30",
    "acceptedDate": "1986-09-30 00:00:00",
    "fiscalYear": "1986",
    "period": "Q3",
    "revenue": 157700000,
    "costOfRevenue": 0,
    "grossProfit": 157700000,
    "researchAndDevelopmentExpenses": 0,
    "generalAndAdministrativeExpenses": 0,
    "sellingAndMarketingExpenses": 0,
    "sellingGeneralAndAdministrativeExpenses": 0,
    "otherExpenses": 0,
    "operatingExpenses": 0,
    "costAndExpenses": 0,
    "netInterestIncome": 0,
    "interestIncome": 0,
    "interestExpense": 0,
    "depreciationAndAmortization": 0,
    "ebitda": 157700000,
    "ebit": 157700000,
    "nonOperatingIncomeExcludingInterest": 0,
    "operatingIncome": 157700000,
    "totalOtherIncomeExpensesNet": -204600000,
    "incomeBeforeTax": -46900000,
    "incomeTaxExpense": 0,
    "netIncomeFromContinuingOperations": -46900000,
    "netIncomeFromDiscontinuedOperations": 0,
    "otherAdjustmentsToNetIncome": 0,
    "netIncome": -46900000,
    "netIncomeDeductions": 0,
    "bottomLineNetIncome": -46900000,
    "eps": -0.41,
    "epsDiluted": -0.41,
    "weightedAverageShsOut": 114318000,
    "weightedAverageShsOutDil": 114318000
  },
  {
    "date": "1986-06-30",
    "symbol": "AMD",
    "reportedCurrency": "USD",
    "cik": "0000002488",
    "filingDate": "1986-06-30",
    "acceptedDate": "1986-06-30 00:00:00",
    "fiscalYear": "1986",
    "period": "Q2",
    "revenue": 153900000,
    "costOfRevenue": 0,
    "grossProfit": 153900000,
    "researchAndDevelopmentExpenses": 0,
    "generalAndAdministrativeExpenses": 0,
    "sellingAndMarketingExpenses": 0,
    "sellingGeneralAndAdministrativeExpenses": 0,
    "otherExpenses": 0,
    "operatingExpenses": 0,
    "costAndExpenses": 0,
    "netInterestIncome": 0,
    "interestIncome": 0,
    "interestExpense": 0,
    "depreciationAndAmortization": 0,
    "ebitda": 153900000,
    "ebit": 153900000,
    "nonOperatingIncomeExcludingInterest": 0,
    "operatingIncome": 153900000,
    "totalOtherIncomeExpensesNet": -181900000,
    "incomeBeforeTax": -28000000,
    "incomeTaxExpense": 0,
    "netIncomeFromContinuingOperations": -28000000,
    "netIncomeFromDiscontinuedOperations": 0,
    "otherAdjustmentsToNetIncome": 0,
    "netIncome": -28000000,
    "netIncomeDeductions": 0,
    "bottomLineNetIncome": -28000000,
    "eps": -0.24,
    "epsDiluted": -0.24,
    "weightedAverageShsOut": 114318000,
    "weightedAverageShsOutDil": 114318000
  },
  {
    "date": "1986-03-31",
    "symbol": "AMD",
    "reportedCurrency": "USD",
    "cik": "0000002488",
    "filingDate": "1986-03-31",
    "acceptedDate": "1986-03-31 00:00:00",
    "fiscalYear": "1986",
    "period": "Q1",
    "revenue": 153400000,
    "costOfRevenue": 0,
    "grossProfit": 153400000,
    "researchAndDevelopmentExpenses": 0,
    "generalAndAdministrativeExpenses": 0,
    "sellingAndMarketingExpenses": 0,
    "sellingGeneralAndAdministrativeExpenses": 0,
    "otherExpenses": 653900000,
    "operatingExpenses": 653900000,
    "costAndExpenses": 653900000,
    "netInterestIncome": 0,
    "interestIncome": 0,
    "interestExpense": 0,
    "depreciationAndAmortization": 0,
    "ebitda": -500500000,
    "ebit": -500500000,
    "nonOperatingIncomeExcludingInterest": 0,
    "operatingIncome": -500500000,
    "totalOtherIncomeExpensesNet": 489200000,
    "incomeBeforeTax": -11300000,
    "incomeTaxExpense": 0,
    "netIncomeFromContinuingOperations": -11300000,
    "netIncomeFromDiscontinuedOperations": 0,
    "otherAdjustmentsToNetIncome": 0,
    "netIncome": -11300000,
    "netIncomeDeductions": 0,
    "bottomLineNetIncome": -11300000,
    "eps": -0.0983,
    "epsDiluted": -0.0983,
    "weightedAverageShsOut": 114930085,
    "weightedAverageShsOutDil": 114930085
  },
  {
    "date": "1985-12-31",
    "symbol": "AMD",
    "reportedCurrency": "USD",
    "cik": "0000002488",
    "filingDate": "1985-12-31",
    "acceptedDate": "1985-12-31 00:00:00",
    "fiscalYear": "1985",
    "period": "Q4",
    "revenue": 144100000,
    "costOfRevenue": 0,
    "grossProfit": 144100000,
    "researchAndDevelopmentExpenses": 0,
    "generalAndAdministrativeExpenses": 0,
    "sellingAndMarketingExpenses": 0,
    "sellingGeneralAndAdministrativeExpenses": 0,
    "otherExpenses": 0,
    "operatingExpenses": 0,
    "costAndExpenses": 0,
    "netInterestIncome": 0,
    "interestIncome": 0,
    "interestExpense": 0,
    "depreciationAndAmortization": 0,
    "ebitda": 144100000,
    "ebit": 144100000,
    "nonOperatingIncomeExcludingInterest": 0,
    "operatingIncome": 144100000,
    "totalOtherIncomeExpensesNet": -154800000,
    "incomeBeforeTax": -10700000,
    "incomeTaxExpense": 0,
    "netIncomeFromContinuingOperations": -10700000,
    "netIncomeFromDiscontinuedOperations": 0,
    "otherAdjustmentsToNetIncome": 0,
    "netIncome": -10700000,
    "netIncomeDeductions": 0,
    "bottomLineNetIncome": -10700000,
    "eps": -0.0957,
    "epsDiluted": -0.0957,
    "weightedAverageShsOut": 111864000,
    "weightedAverageShsOutDil": 111864000
  },
  {
    "date": "1985-09-30",
    "symbol": "AMD",
    "reportedCurrency": "USD",
    "cik": "0000002488",
    "filingDate": "1985-09-30",
    "acceptedDate": "1985-09-30 00:00:00",
    "fiscalYear": "1985",
    "period": "Q3",
    "revenue": 128100000,
    "costOfRevenue": 0,
    "grossProfit": 128100000,
    "researchAndDevelopmentExpenses": 0,
    "generalAndAdministrativeExpenses": 0,
    "sellingAndMarketingExpenses": 0,
    "sellingGeneralAndAdministrativeExpenses": 0,
    "otherExpenses": 0,
    "operatingExpenses": 0,
    "costAndExpenses": 0,
    "netInterestIncome": 0,
    "interestIncome": 0,
    "interestExpense": 0,
    "depreciationAndAmortization": 0,
    "ebitda": 128100000,
    "ebit": 128100000,
    "nonOperatingIncomeExcludingInterest": 0,
    "operatingIncome": 128100000,
    "totalOtherIncomeExpensesNet": -143400000,
    "incomeBeforeTax": -15300000,
    "incomeTaxExpense": 0,
    "netIncomeFromContinuingOperations": -15300000,
    "netIncomeFromDiscontinuedOperations": 0,
    "otherAdjustmentsToNetIncome": 0,
    "netIncome": -15300000,
    "netIncomeDeductions": 0,
    "bottomLineNetIncome": -15300000,
    "eps": -0.14,
    "epsDiluted": -0.14,
    "weightedAverageShsOut": 111864000,
    "weightedAverageShsOutDil": 111864000
  }
]