[
  {
    "date": "2025-10-31",
    "symbol": "WMT",
    "reportedCurrency": "USD",
    "cik": "0000104169",
    "filingDate": "2025-12-03",
    "acceptedDate": "2025-12-03 16:45:34",
    "fiscalYear": "2026",
    "period": "Q3",
    "revenue": 179496000000,
    "costOfRevenue": 134706000000,
    "grossProfit": 44790000000,
    "researchAndDevelopmentExpenses": 0,
    "generalAndAdministrativeExpenses": 0,
    "sellingAndMarketingExpenses": 0,
    "sellingGeneralAndAdministrativeExpenses": 38094000000,
    "otherExpenses": 0,
    "operatingExpenses": 38094000000,
    "costAndExpenses": 172800000000,
    "netInterestIncome": -591000000,
    "interestIncome": 93000000,
    "interestExpense": 684000000,
    "depreciationAndAmortization": 3606000000,
    "ebitda": 12476000000,
    "ebit": 8870000000,
    "nonOperatingIncomeExcludingInterest": -2174000000,
    "operatingIncome": 6696000000,
    "totalOtherIncomeExpensesNet": 1490000000,
    "incomeBeforeTax": 8186000000,
    "incomeTaxExpense": 2098000000,
    "netIncomeFromContinuingOperations": 6088000000,
    "netIncomeFromDiscontinuedOperations": 0,
    "otherAdjustmentsToNetIncome": 0,
    "netIncome": 6143000000,
    "netIncomeDeductions": 0,
    "bottomLineNetIncome": 6143000000,
    "eps": 0.77,
    "epsDiluted": 0.77,
    "weightedAverageShsOut": 7974000000,
    "weightedAverageShsOutDil": 8011000000
  },
  {
    "date": "2025-07-31",
    "symbol": "WMT",
    "reportedCurrency": "USD",
    "cik": "0000104169",
    "filingDate": "2025-08-29",
    "acceptedDate": "2025-08-29 16:13:07",
    "fiscalYear": "2026",
    "period": "Q2",
    "revenue": 177402000000,
    "costOfRevenue": 132771000000,
    "grossProfit": 44631000000,
    "researchAndDevelopmentExpenses": 0,
    "generalAndAdministrativeExpenses": 0,
    "sellingAndMarketingExpenses": 0,
    "sellingGeneralAndAdministrativeExpenses": 37345000000,
    "otherExpenses": 0,
    "operatingExpenses": 37345000000,
    "costAndExpenses": 170116000000,
    "netInterestIncome": -675000000,
    "interestIncome": 94000000,
    "interestExpense": 769000000,
    "depreciationAndAmortization": 3487000000,
    "ebitda": 13575000000,
    "ebit": 10088000000,
    "nonOperatingIncomeExcludingInterest": -2802000000,
    "operatingIncome": 7286000000,
    "totalOtherIncomeExpensesNet": 2033000000,
    "incomeBeforeTax": 9319000000,
    "incomeTaxExpense": 2168000000,
    "netIncomeFromContinuingOperations": 7151000000,
    "netIncomeFromDiscontinuedOperations": 0,
    "otherAdjustmentsToNetIncome": 0,
    "netIncome": 7026000000,
    "netIncomeDeductions": 0,
    "bottomLineNetIncome": 7026000000,
    "eps": 0.88,
    "epsDiluted": 0.88,
    "weightedAverageShsOut": 7978000000,
    "weightedAverageShsOutDil": 8016000000
  },
  {
    "date": "2025-04-30",
    "symbol": "WMT",
    "reportedCurrency": "USD",
    "cik": "0000104169",
    "filingDate": "2025-06-06",
    "acceptedDate": "2025-06-06 16:36:50",
    "fiscalYear": "2026",
    "period": "Q1",
    "revenue": 165609000000,
    "costOfRevenue": 124303000000,
    "grossProfit": 41306000000,
    "researchAndDevelopmentExpenses": 0,
    "generalAndAdministrativeExpenses": 34171000000,
    "sellingAndMarketingExpenses": 0,
    "sellingGeneralAndAdministrativeExpenses": 34171000000,
    "otherExpenses": 0,
    "operatingExpenses": 34171000000,
    "costAndExpenses": 158474000000,
    "netInterestIncome": -544000000,
    "interestIncome": 93000000,
    "interestExpense": 637000000,
    "depreciationAndAmortization": 3369000000,
    "ebitda": 10000000000,
    "ebit": 6631000000,
    "nonOperatingIncomeExcludingInterest": 504000000,
    "operatingIncome": 7135000000,
    "totalOtherIncomeExpensesNet": -1141000000,
    "incomeBeforeTax": 5994000000,
    "incomeTaxExpense": 1355000000,
    "netIncomeFromContinuingOperations": 4639000000,
    "netIncomeFromDiscontinuedOperations": 0,
    "otherAdjustmentsToNetIncome": 0,
    "netIncome": 4487000000,
    "netIncomeDeductions": 0,
    "bottomLineNetIncome": 4487000000,
    "eps": 0.56,
    "epsDiluted": 0.56,
    "weightedAverageShsOut": 8011000000,
    "weightedAverageShsOutDil": 8051000000
  },
  {
    "date": "2025-01-31",
    "symbol": "WMT",
    "reportedCurrency": "USD",
    "cik": "0000104169",
    "filingDate": "2025-03-14",
    "acceptedDate": "2025-03-14 16:40:52",
    "fiscalYear": "2025",
    "period": "Q4",
    "revenue": 180554000000,
    "costOfRevenue": 136172000000,
    "grossProfit": 44382000000,
    "researchAndDevelopmentExpenses": 0,
    "generalAndAdministrativeExpenses": 36523000000,
    "sellingAndMarketingExpenses": 0,
    "sellingGeneralAndAdministrativeExpenses": 36523000000,
    "otherExpenses": 0,
    "operatingExpenses": 36523000000,
    "costAndExpenses": 172695000000,
    "netInterestIncome": -602000000,
    "interestIncome": 115000000,
    "interestExpense": 717000000,
    "depreciationAndAmortization": 3374000000,
    "ebitda": 11054000000,
    "ebit": 7680000000,
    "nonOperatingIncomeExcludingInterest": 179000000,
    "operatingIncome": 7859000000,
    "totalOtherIncomeExpensesNet": -896000000,
    "incomeBeforeTax": 6963000000,
    "incomeTaxExpense": 1538000000,
    "netIncomeFromContinuingOperations": 5425000000,
    "netIncomeFromDiscontinuedOperations": 0,
    "otherAdjustmentsToNetIncome": 0,
    "netIncome": 5254000000,
    "netIncomeDeductions": 0,
    "bottomLineNetIncome": 5254000000,
    "eps": 0.65,
    "epsDiluted": 0.65,
    "weightedAverageShsOut": 8029000000,
    "weightedAverageShsOutDil": 8078000000
  },
  {
    "date": "2024-10-31",
    "symbol": "WMT",
    "reportedCurrency": "USD",
    "cik": "0000104169",
    "filingDate": "2024-12-06",
    "acceptedDate": "2024-12-06 16:15:42",
    "fiscalYear": "2025",
    "period": "Q3",
    "revenue": 169588000000,
    "costOfRevenue": 127340000000,
    "grossProfit": 42248000000,
    "researchAndDevelopmentExpenses": 0,
    "generalAndAdministrativeExpenses": 35540000000,
    "sellingAndMarketingExpenses": 0,
    "sellingGeneralAndAdministrativeExpenses": 35540000000,
    "otherExpenses": 0,
    "operatingExpenses": 35540000000,
    "costAndExpenses": 162880000000,
    "netInterestIncome": -478000000,
    "interestIncome": 140000000,
    "interestExpense": 618000000,
    "depreciationAndAmortization": 3260000000,
    "ebitda": 9976000000,
    "ebit": 6716000000,
    "nonOperatingIncomeExcludingInterest": -8000000,
    "operatingIncome": 6708000000,
    "totalOtherIncomeExpensesNet": -610000000,
    "incomeBeforeTax": 6098000000,
    "incomeTaxExpense": 1384000000,
    "netIncomeFromContinuingOperations": 4714000000,
    "netIncomeFromDiscontinuedOperations": 0,
    "otherAdjustmentsToNetIncome": 0,
    "netIncome": 4577000000,
    "netIncomeDeductions": 0,
    "bottomLineNetIncome": 4577000000,
    "eps": 0.57,
    "epsDiluted": 0.57,
    "weightedAverageShsOut": 8038000000,
    "weightedAverageShsOutDil": 8082000000
  },
  {
    "date": "2024-07-31",
    "symbol": "WMT",
    "reportedCurrency": "USD",
    "cik": "0000104169",
    "filingDate": "2024-08-30",
    "acceptedDate": "2024-08-30 16:50:41",
    "fiscalYear": "2025",
    "period": "Q2",
    "revenue": 169335000000,
    "costOfRevenue": 126810000000,
    "grossProfit": 42525000000,
    "researchAndDevelopmentExpenses": 0,
    "generalAndAdministrativeExpenses": 34585000000,
    "sellingAndMarketingExpenses": 0,
    "sellingGeneralAndAdministrativeExpenses": 34585000000,
    "otherExpenses": 0,
    "operatingExpenses": 34585000000,
    "costAndExpenses": 161395000000,
    "netInterestIncome": -565000000,
    "interestIncome": 114000000,
    "interestExpense": 679000000,
    "depreciationAndAmortization": 3211000000,
    "ebitda": 10103000000,
    "ebit": 6892000000,
    "nonOperatingIncomeExcludingInterest": 1048000000,
    "operatingIncome": 7940000000,
    "totalOtherIncomeExpensesNet": -1727000000,
    "incomeBeforeTax": 6213000000,
    "incomeTaxExpense": 1502000000,
    "netIncomeFromContinuingOperations": 4711000000,
    "netIncomeFromDiscontinuedOperations": 0,
    "otherAdjustmentsToNetIncome": 0,
    "netIncome": 4501000000,
    "netIncomeDeductions": 0,
    "bottomLineNetIncome": 4501000000,
    "eps": 0.56,
    "epsDiluted": 0.56,
    "weightedAverageShsOut": 8044000000,
    "weightedAverageShsOutDil": 8081000000
  },
  {
    "date": "2024-04-30",
    "symbol": "WMT",
    "reportedCurrency": "USD",
    "cik": "0000104169",
    "filingDate": "2024-06-07",
    "acceptedDate": "2024-06-07 16:45:14",
    "fiscalYear": "2025",
    "period": "Q1",
    "revenue": 161508000000,
    "costOfRevenue": 121431000000,
    "grossProfit": 40077000000,
    "researchAndDevelopmentExpenses": 0,
    "generalAndAdministrativeExpenses": 33236000000,
    "sellingAndMarketingExpenses": 0,
    "sellingGeneralAndAdministrativeExpenses": 33236000000,
    "otherExpenses": 0,
    "operatingExpenses": 33236000000,
    "costAndExpenses": 154667000000,
    "netInterestIncome": -600000000,
    "interestIncome": 114000000,
    "interestExpense": 714000000,
    "depreciationAndAmortization": 3128000000,
    "ebitda": 10877000000,
    "ebit": 7749000000,
    "nonOperatingIncomeExcludingInterest": -908000000,
    "operatingIncome": 6841000000,
    "totalOtherIncomeExpensesNet": 194000000,
    "incomeBeforeTax": 7035000000,
    "incomeTaxExpense": 1728000000,
    "netIncomeFromContinuingOperations": 5307000000,
    "netIncomeFromDiscontinuedOperations": 0,
    "otherAdjustmentsToNetIncome": 0,
    "netIncome": 5104000000,
    "netIncomeDeductions": 0,
    "bottomLineNetIncome": 5104000000,
    "eps": 0.63,
    "epsDiluted": 0.63,
    "weightedAverageShsOut": 8053000000,
    "weightedAverageShsOutDil": 8084000000
  },
  {
    "date": "2024-01-31",
    "symbol": "WMT",
    "reportedCurrency": "USD",
    "cik": "0000104169",
    "filingDate": "2024-03-15",
    "acceptedDate": "2024-03-15 16:54:48",
    "fiscalYear": "2024",
    "period": "Q4",
    "revenue": 173388000000,
    "costOfRevenue": 131825000000,
    "grossProfit": 41563000000,
    "researchAndDevelopmentExpenses": 0,
    "generalAndAdministrativeExpenses": 34309000000,
    "sellingAndMarketingExpenses": 0,
    "sellingGeneralAndAdministrativeExpenses": 34309000000,
    "otherExpenses": 0,
    "operatingExpenses": 34309000000,
    "costAndExpenses": 166134000000,
    "netInterestIncome": -549000000,
    "interestIncome": 146000000,
    "interestExpense": 695000000,
    "depreciationAndAmortization": 3117000000,
    "ebitda": 11330000000,
    "ebit": 8213000000,
    "nonOperatingIncomeExcludingInterest": -959000000,
    "operatingIncome": 7254000000,
    "totalOtherIncomeExpensesNet": 264000000,
    "incomeBeforeTax": 7518000000,
    "incomeTaxExpense": 1840000000,
    "netIncomeFromContinuingOperations": 5678000000,
    "netIncomeFromDiscontinuedOperations": 0,
    "otherAdjustmentsToNetIncome": 0,
    "netIncome": 5494000000,
    "netIncomeDeductions": 0,
    "bottomLineNetIncome": 5494000000,
    "eps": 0.68,
    "epsDiluted": 0.68,
    "weightedAverageShsOut": 8070000000,
    "weightedAverageShsOutDil": 8103000000
  },
  {
    "date": "2023-10-31",
    "symbol": "WMT",
    "reportedCurrency": "USD",
    "cik": "0000104169",
    "filingDate": "2023-11-30",
    "acceptedDate": "2023-11-30 17:21:40",
    "fiscalYear": "2024",
    "period": "Q3",
    "revenue": 160804000000,
    "costOfRevenue": 121183000000,
    "grossProfit": 39621000000,
    "researchAndDevelopmentExpenses": 0,
    "generalAndAdministrativeExpenses": 33419000000,
    "sellingAndMarketingExpenses": 0,
    "sellingGeneralAndAdministrativeExpenses": 33419000000,
    "otherExpenses": 0,
    "operatingExpenses": 33419000000,
    "costAndExpenses": 154602000000,
    "netInterestIncome": -537000000,
    "interestIncome": 145000000,
    "interestExpense": 682000000,
    "depreciationAndAmortization": 2986000000,
    "ebitda": 4583000000,
    "ebit": 1597000000,
    "nonOperatingIncomeExcludingInterest": 4605000000,
    "operatingIncome": 6202000000,
    "totalOtherIncomeExpensesNet": -5287000000,
    "incomeBeforeTax": 915000000,
    "incomeTaxExpense": 272000000,
    "netIncomeFromContinuingOperations": 643000000,
    "netIncomeFromDiscontinuedOperations": 0,
    "otherAdjustmentsToNetIncome": 0,
    "netIncome": 453000000,
    "netIncomeDeductions": 0,
    "bottomLineNetIncome": 453000000,
    "eps": 0.0561,
    "epsDiluted": 0.0559,
    "weightedAverageShsOut": 8078999838,
    "weightedAverageShsOutDil": 8108999837
  },
  {
    "date": "2023-07-31",
    "symbol": "WMT",
    "reportedCurrency": "USD",
    "cik": "0000104169",
    "filingDate": "2023-09-01",
    "acceptedDate": "2023-09-01 16:46:53",
    "fiscalYear": "2024",
    "period": "Q2",
    "revenue": 161632000000,
    "costOfRevenue": 121850000000,
    "grossProfit": 39782000000,
    "researchAndDevelopmentExpenses": 0,
    "generalAndAdministrativeExpenses": 32466000000,
    "sellingAndMarketingExpenses": 0,
    "sellingGeneralAndAdministrativeExpenses": 32466000000,
    "otherExpenses": 0,
    "operatingExpenses": 32466000000,
    "costAndExpenses": 154316000000,
    "netInterestIncome": -494000000,
    "interestIncome": 148000000,
    "interestExpense": 642000000,
    "depreciationAndAmortization": 2905000000,
    "ebitda": 14274000000,
    "ebit": 11369000000,
    "nonOperatingIncomeExcludingInterest": -4053000000,
    "operatingIncome": 7316000000,
    "totalOtherIncomeExpensesNet": 3411000000,
    "incomeBeforeTax": 10727000000,
    "incomeTaxExpense": 2674000000,
    "netIncomeFromContinuingOperations": 8053000000,
    "netIncomeFromDiscontinuedOperations": 0,
    "otherAdjustmentsToNetIncome": 0,
    "netIncome": 7891000000,
    "netIncomeDeductions": 0,
    "bottomLineNetIncome": 7891000000,
    "eps": 0.98,
    "epsDiluted": 0.97,
    "weightedAverageShsOut": 8079000000,
    "weightedAverageShsOutDil": 8109000000
  },
  {
    "date": "2023-04-30",
    "symbol": "WMT",
    "reportedCurrency": "USD",
    "cik": "0000104169",
    "filingDate": "2023-06-02",
    "acceptedDate": "2023-06-02 16:25:13",
    "fiscalYear": "2024",
    "period": "Q1",
    "revenue": 152301000000,
    "costOfRevenue": 115284000000,
    "grossProfit": 37017000000,
    "researchAndDevelopmentExpenses": 0,
    "generalAndAdministrativeExpenses": 30777000000,
    "sellingAndMarketingExpenses": 0,
    "sellingGeneralAndAdministrativeExpenses": 30777000000,
    "otherExpenses": 0,
    "operatingExpenses": 30777000000,
    "costAndExpenses": 146061000000,
    "netInterestIncome": -557000000,
    "interestIncome": 107000000,
    "interestExpense": 664000000,
    "depreciationAndAmortization": 2845000000,
    "ebitda": 6197000000,
    "ebit": 3352000000,
    "nonOperatingIncomeExcludingInterest": 2888000000,
    "operatingIncome": 6240000000,
    "totalOtherIncomeExpensesNet": -3552000000,
    "incomeBeforeTax": 2688000000,
    "incomeTaxExpense": 792000000,
    "netIncomeFromContinuingOperations": 1896000000,
    "netIncomeFromDiscontinuedOperations": 0,
    "otherAdjustmentsToNetIncome": 0,
    "netIncome": 1673000000,
    "netIncomeDeductions": 0,
    "bottomLineNetIncome": 1673000000,
    "eps": 0.21,
    "epsDiluted": 0.21,
    "weightedAverageShsOut": 8082000000,
    "weightedAverageShsOutDil": 8112000000
  },
  {
    "date": "2023-01-31",
    "symbol": "WMT",
    "reportedCurrency": "USD",
    "cik": "0000104169",
    "filingDate": "2023-02-21",
    "acceptedDate": "2023-03-17 17:02:59",
    "fiscalYear": "2023",
    "period": "Q4",
    "revenue": 164048000000,
    "costOfRevenue": 125423000000,
    "grossProfit": 38625000000,
    "researchAndDevelopmentExpenses": 0,
    "generalAndAdministrativeExpenses": 33064000000,
    "sellingAndMarketingExpenses": 0,
    "sellingGeneralAndAdministrativeExpenses": 33064000000,
    "otherExpenses": 0,
    "operatingExpenses": 33064000000,
    "costAndExpenses": 158487000000,
    "netInterestIncome": -507000000,
    "interestIncome": 103000000,
    "interestExpense": 610000000,
    "depreciationAndAmortization": 2811000000,
    "ebitda": 12323000000,
    "ebit": 9512000000,
    "nonOperatingIncomeExcludingInterest": -3951000000,
    "operatingIncome": 5561000000,
    "totalOtherIncomeExpensesNet": 3341000000,
    "incomeBeforeTax": 8902000000,
    "incomeTaxExpense": 3093000000,
    "netIncomeFromContinuingOperations": 5809000000,
    "netIncomeFromDiscontinuedOperations": 0,
    "otherAdjustmentsToNetIncome": 0,
    "netIncome": 6275000000,
    "netIncomeDeductions": 0,
    "bottomLineNetIncome": 6275000000,
    "eps": 0.78,
    "epsDiluted": 0.77,
    "weightedAverageShsOut": 8088000000,
    "weightedAverageShsOutDil": 8121000000
  },
  {
    "date": "2022-10-31",
    "symbol": "WMT",
    "reportedCurrency": "USD",
    "cik": "0000104169",
    "filingDate": "2022-12-01",
    "acceptedDate": "2022-12-01 17:02:02",
    "fiscalYear": "2023",
    "period": "Q3",
    "revenue": 152813000000,
    "costOfRevenue": 115613000000,
    "grossProfit": 37200000000,
    "researchAndDevelopmentExpenses": 0,
    "generalAndAdministrativeExpenses": 34505000000,
    "sellingAndMarketingExpenses": 0,
    "sellingGeneralAndAdministrativeExpenses": 34505000000,
    "otherExpenses": 0,
    "operatingExpenses": 34505000000,
    "costAndExpenses": 150118000000,
    "netInterestIncome": -500000000,
    "interestIncome": 84000000,
    "interestExpense": 584000000,
    "depreciationAndAmortization": 2755000000,
    "ebitda": 1908000000,
    "ebit": -847000000,
    "nonOperatingIncomeExcludingInterest": 3542000000,
    "operatingIncome": 2695000000,
    "totalOtherIncomeExpensesNet": -4126000000,
    "incomeBeforeTax": -1431000000,
    "incomeTaxExpense": 336000000,
    "netIncomeFromContinuingOperations": -1767000000,
    "netIncomeFromDiscontinuedOperations": 0,
    "otherAdjustmentsToNetIncome": 0,
    "netIncome": -1798000000,
    "netIncomeDeductions": 0,
    "bottomLineNetIncome": -1798000000,
    "eps": -0.22,
    "epsDiluted": -0.22,
    "weightedAverageShsOut": 8133000000,
    "weightedAverageShsOutDil": 8133000000
  },
  {
    "date": "2022-07-31",
    "symbol": "WMT",
    "reportedCurrency": "USD",
    "cik": "0000104169",
    "filingDate": "2022-09-02",
    "acceptedDate": "2022-09-02 17:01:12",
    "fiscalYear": "2023",
    "period": "Q2",
    "revenue": 152859000000,
    "costOfRevenue": 115838000000,
    "grossProfit": 37021000000,
    "researchAndDevelopmentExpenses": 0,
    "generalAndAdministrativeExpenses": 30167000000,
    "sellingAndMarketingExpenses": 0,
    "sellingGeneralAndAdministrativeExpenses": 30167000000,
    "otherExpenses": 0,
    "operatingExpenses": 30167000000,
    "costAndExpenses": 146005000000,
    "netInterestIncome": -448000000,
    "interestIncome": 31000000,
    "interestExpense": 479000000,
    "depreciationAndAmortization": 2699000000,
    "ebitda": 9822000000,
    "ebit": 7123000000,
    "nonOperatingIncomeExcludingInterest": -269000000,
    "operatingIncome": 6854000000,
    "totalOtherIncomeExpensesNet": -210000000,
    "incomeBeforeTax": 6644000000,
    "incomeTaxExpense": 1497000000,
    "netIncomeFromContinuingOperations": 5147000000,
    "netIncomeFromDiscontinuedOperations": 0,
    "otherAdjustmentsToNetIncome": 0,
    "netIncome": 5149000000,
    "netIncomeDeductions": 0,
    "bottomLineNetIncome": 5149000000,
    "eps": 0.63,
    "epsDiluted": 0.63,
    "weightedAverageShsOut": 8216052000,
    "weightedAverageShsOutDil": 8235000000
  },
  {
    "date": "2022-04-30",
    "symbol": "WMT",
    "reportedCurrency": "USD",
    "cik": "0000104169",
    "filingDate": "2022-06-03",
    "acceptedDate": "2022-06-03 17:04:10",
    "fiscalYear": "2023",
    "period": "Q1",
    "revenue": 141569000000,
    "costOfRevenue": 106847000000,
    "grossProfit": 34722000000,
    "researchAndDevelopmentExpenses": 0,
    "generalAndAdministrativeExpenses": 29404000000,
    "sellingAndMarketingExpenses": 0,
    "sellingGeneralAndAdministrativeExpenses": 29404000000,
    "otherExpenses": 0,
    "operatingExpenses": 29404000000,
    "costAndExpenses": 136251000000,
    "netInterestIncome": -419000000,
    "interestIncome": 36000000,
    "interestExpense": 455000000,
    "depreciationAndAmortization": 2680000000,
    "ebitda": 6036000000,
    "ebit": 3356000000,
    "nonOperatingIncomeExcludingInterest": 1962000000,
    "operatingIncome": 5318000000,
    "totalOtherIncomeExpensesNet": -2417000000,
    "incomeBeforeTax": 2901000000,
    "incomeTaxExpense": 798000000,
    "netIncomeFromContinuingOperations": 2103000000,
    "netIncomeFromDiscontinuedOperations": 0,
    "otherAdjustmentsToNetIncome": 0,
    "netIncome": 2054000000,
    "netIncomeDeductions": 0,
    "bottomLineNetIncome": 2054000000,
    "eps": 0.25,
    "epsDiluted": 0.25,
    "weightedAverageShsOut": 8262000000,
    "weightedAverageShsOutDil": 8295000000
  },
  {
    "date": "2022-01-31",
    "symbol": "WMT",
    "reportedCurrency": "USD",
    "cik": "0000104169",
    "filingDate": "2022-02-17",
    "acceptedDate": "2022-03-18 17:03:00",
    "fiscalYear": "2022",
    "period": "Q4",
    "revenue": 152871000000,
    "costOfRevenue": 115522000000,
    "grossProfit": 37349000000,
    "researchAndDevelopmentExpenses": 0,
    "generalAndAdministrativeExpenses": 31462000000,
    "sellingAndMarketingExpenses": 0,
    "sellingGeneralAndAdministrativeExpenses": 31462000000,
    "otherExpenses": 0,
    "operatingExpenses": 31462000000,
    "costAndExpenses": 146984000000,
    "netInterestIncome": -380000000,
    "interestIncome": 47000000,
    "interestExpense": 427000000,
    "depreciationAndAmortization": 2706000000,
    "ebitda": 7915000000,
    "ebit": 5209000000,
    "nonOperatingIncomeExcludingInterest": 678000000,
    "operatingIncome": 5887000000,
    "totalOtherIncomeExpensesNet": -1105000000,
    "incomeBeforeTax": 4782000000,
    "incomeTaxExpense": 1149000000,
    "netIncomeFromContinuingOperations": 3633000000,
    "netIncomeFromDiscontinuedOperations": 0,
    "otherAdjustmentsToNetIncome": 0,
    "netIncome": 3562000000,
    "netIncomeDeductions": 0,
    "bottomLineNetIncome": 3562000000,
    "eps": 0.43,
    "epsDiluted": 0.43,
    "weightedAverageShsOut": 8307000000,
    "weightedAverageShsOutDil": 8346000000
  },
  {
    "date": "2021-10-31",
    "symbol": "WMT",
    "reportedCurrency": "USD",
    "cik": "0000104169",
    "filingDate": "2021-12-01",
    "acceptedDate": "2021-12-01 17:02:58",
    "fiscalYear": "2022",
    "period": "Q3",
    "revenue": 140525000000,
    "costOfRevenue": 105023000000,
    "grossProfit": 35502000000,
    "researchAndDevelopmentExpenses": 0,
    "generalAndAdministrativeExpenses": 29710000000,
    "sellingAndMarketingExpenses": 0,
    "sellingGeneralAndAdministrativeExpenses": 29710000000,
    "otherExpenses": 0,
    "operatingExpenses": 29710000000,
    "costAndExpenses": 134733000000,
    "netInterestIncome": -442000000,
    "interestIncome": 44000000,
    "interestExpense": 486000000,
    "depreciationAndAmortization": 2650000000,
    "ebitda": 7283000000,
    "ebit": 4633000000,
    "nonOperatingIncomeExcludingInterest": 1159000000,
    "operatingIncome": 5792000000,
    "totalOtherIncomeExpensesNet": -1645000000,
    "incomeBeforeTax": 4147000000,
    "incomeTaxExpense": 1015000000,
    "netIncomeFromContinuingOperations": 3132000000,
    "netIncomeFromDiscontinuedOperations": 0,
    "otherAdjustmentsToNetIncome": 0,
    "netIncome": 3105000000,
    "netIncomeDeductions": 0,
    "bottomLineNetIncome": 3105000000,
    "eps": 0.37,
    "epsDiluted": 0.37,
    "weightedAverageShsOut": 8355000000,
    "weightedAverageShsOutDil": 8391000000
  },
  {
    "date": "2021-07-31",
    "symbol": "WMT",
    "reportedCurrency": "USD",
    "cik": "0000104169",
    "filingDate": "2021-09-02",
    "acceptedDate": "2021-09-02 17:13:23",
    "fiscalYear": "2022",
    "period": "Q2",
    "revenue": 141048000000,
    "costOfRevenue": 105183000000,
    "grossProfit": 35865000000,
    "researchAndDevelopmentExpenses": 0,
    "generalAndAdministrativeExpenses": 28511000000,
    "sellingAndMarketingExpenses": 0,
    "sellingGeneralAndAdministrativeExpenses": 28511000000,
    "otherExpenses": 0,
    "operatingExpenses": 28511000000,
    "costAndExpenses": 133694000000,
    "netInterestIncome": -478000000,
    "interestIncome": 37000000,
    "interestExpense": 515000000,
    "depreciationAndAmortization": 2641000000,
    "ebitda": 9079000000,
    "ebit": 6438000000,
    "nonOperatingIncomeExcludingInterest": 916000000,
    "operatingIncome": 7354000000,
    "totalOtherIncomeExpensesNet": -1431000000,
    "incomeBeforeTax": 5923000000,
    "incomeTaxExpense": 1559000000,
    "netIncomeFromContinuingOperations": 4364000000,
    "netIncomeFromDiscontinuedOperations": 0,
    "otherAdjustmentsToNetIncome": 0,
    "netIncome": 4276000000,
    "netIncomeDeductions": 0,
    "bottomLineNetIncome": 4276000000,
    "eps": 0.51,
    "epsDiluted": 0.51,
    "weightedAverageShsOut": 8397000000,
    "weightedAverageShsOutDil": 8436000000
  },
  {
    "date": "2021-04-30",
    "symbol": "WMT",
    "reportedCurrency": "USD",
    "cik": "0000104169",
    "filingDate": "2021-06-04",
    "acceptedDate": "2021-06-04 17:11:17",
    "fiscalYear": "2022",
    "period": "Q1",
    "revenue": 138310000000,
    "costOfRevenue": 103272000000,
    "grossProfit": 35038000000,
    "researchAndDevelopmentExpenses": 0,
    "generalAndAdministrativeExpenses": 28129000000,
    "sellingAndMarketingExpenses": 0,
    "sellingGeneralAndAdministrativeExpenses": 28129000000,
    "otherExpenses": 0,
    "operatingExpenses": 28129000000,
    "costAndExpenses": 131401000000,
    "netInterestIncome": -536000000,
    "interestIncome": 30000000,
    "interestExpense": 566000000,
    "depreciationAndAmortization": 2661000000,
    "ebitda": 7071000000,
    "ebit": 4410000000,
    "nonOperatingIncomeExcludingInterest": 2499000000,
    "operatingIncome": 6909000000,
    "totalOtherIncomeExpensesNet": -3065000000,
    "incomeBeforeTax": 3844000000,
    "incomeTaxExpense": 1033000000,
    "netIncomeFromContinuingOperations": 2811000000,
    "netIncomeFromDiscontinuedOperations": 0,
    "otherAdjustmentsToNetIncome": 0,
    "netIncome": 2730000000,
    "netIncomeDeductions": 0,
    "bottomLineNetIncome": 2730000000,
    "eps": 0.32,
    "epsDiluted": 0.32,
    "weightedAverageShsOut": 8445000000,
    "weightedAverageShsOutDil": 8487000000
  },
  {
    "date": "2021-01-31",
    "symbol": "WMT",
    "reportedCurrency": "USD",
    "cik": "0000104169",
    "filingDate": "2021-03-19",
    "acceptedDate": "2021-03-19 16:40:44",
    "fiscalYear": "2021",
    "period": "Q4",
    "revenue": 152079000000,
    "costOfRevenue": 115261000000,
    "grossProfit": 36818000000,
    "researchAndDevelopmentExpenses": 0,
    "generalAndAdministrativeExpenses": 31331000000,
    "sellingAndMarketingExpenses": 0,
    "sellingGeneralAndAdministrativeExpenses": 31331000000,
    "otherExpenses": 0,
    "operatingExpenses": 31331000000,
    "costAndExpenses": 146592000000,
    "netInterestIncome": -494000000,
    "interestIncome": 30000000,
    "interestExpense": 524000000,
    "depreciationAndAmortization": 2819000000,
    "ebitda": 2750000000,
    "ebit": -69000000,
    "nonOperatingIncomeExcludingInterest": 5556000000,
    "operatingIncome": 5487000000,
    "totalOtherIncomeExpensesNet": -6080000000,
    "incomeBeforeTax": -593000000,
    "incomeTaxExpense": 1415000000,
    "netIncomeFromContinuingOperations": -2008000000,
    "netIncomeFromDiscontinuedOperations": 0,
    "otherAdjustmentsToNetIncome": 0,
    "netIncome": -2091000000,
    "netIncomeDeductions": 0,
    "bottomLineNetIncome": -2091000000,
    "eps": -0.25,
    "epsDiluted": -0.25,
    "weightedAverageShsOut": 8478000000,
    "weightedAverageShsOutDil": 8478000000
  },
  {
    "date": "2020-10-31",
    "symbol": "WMT",
    "reportedCurrency": "USD",
    "cik": "0000104169",
    "filingDate": "2020-12-02",
    "acceptedDate": "2020-12-02 17:10:24",
    "fiscalYear": "2021",
    "period": "Q3",
    "revenue": 134708000000,
    "costOfRevenue": 100339000000,
    "grossProfit": 34369000000,
    "researchAndDevelopmentExpenses": 0,
    "generalAndAdministrativeExpenses": 28591000000,
    "sellingAndMarketingExpenses": 0,
    "sellingGeneralAndAdministrativeExpenses": 28591000000,
    "otherExpenses": 0,
    "operatingExpenses": 28591000000,
    "costAndExpenses": 128930000000,
    "netInterestIncome": -516000000,
    "interestIncome": 25000000,
    "interestExpense": 541000000,
    "depreciationAndAmortization": 2771000000,
    "ebitda": 10427000000,
    "ebit": 7656000000,
    "nonOperatingIncomeExcludingInterest": -1878000000,
    "operatingIncome": 5778000000,
    "totalOtherIncomeExpensesNet": 1337000000,
    "incomeBeforeTax": 7115000000,
    "incomeTaxExpense": 1914000000,
    "netIncomeFromContinuingOperations": 5201000000,
    "netIncomeFromDiscontinuedOperations": 0,
    "otherAdjustmentsToNetIncome": 0,
    "netIncome": 5135000000,
    "netIncomeDeductions": 0,
    "bottomLineNetIncome": 5135000000,
    "eps": 0.6,
    "epsDiluted": 0.6,
    "weightedAverageShsOut": 8499000000,
    "weightedAverageShsOutDil": 8547000000
  },
  {
    "date": "2020-07-31",
    "symbol": "WMT",
    "reportedCurrency": "USD",
    "cik": "0000104169",
    "filingDate": "2020-09-02",
    "acceptedDate": "2020-09-02 17:05:25",
    "fiscalYear": "2021",
    "period": "Q2",
    "revenue": 137742000000,
    "costOfRevenue": 102689000000,
    "grossProfit": 35053000000,
    "researchAndDevelopmentExpenses": 0,
    "generalAndAdministrativeExpenses": 28994000000,
    "sellingAndMarketingExpenses": 0,
    "sellingGeneralAndAdministrativeExpenses": 28994000000,
    "otherExpenses": 0,
    "operatingExpenses": 28994000000,
    "costAndExpenses": 131683000000,
    "netInterestIncome": -635000000,
    "interestIncome": 23000000,
    "interestExpense": 658000000,
    "depreciationAndAmortization": 2771000000,
    "ebitda": 12075000000,
    "ebit": 9304000000,
    "nonOperatingIncomeExcludingInterest": -3245000000,
    "operatingIncome": 6059000000,
    "totalOtherIncomeExpensesNet": 2587000000,
    "incomeBeforeTax": 8646000000,
    "incomeTaxExpense": 2207000000,
    "netIncomeFromContinuingOperations": 6439000000,
    "netIncomeFromDiscontinuedOperations": 0,
    "otherAdjustmentsToNetIncome": 0,
    "netIncome": 6476000000,
    "netIncomeDeductions": 0,
    "bottomLineNetIncome": 6476000000,
    "eps": 0.76,
    "epsDiluted": 0.76,
    "weightedAverageShsOut": 8496000000,
    "weightedAverageShsOutDil": 8544000000
  },
  {
    "date": "2020-04-30",
    "symbol": "WMT",
    "reportedCurrency": "USD",
    "cik": "0000104169",
    "filingDate": "2020-06-03",
    "acceptedDate": "2020-06-03 17:10:33",
    "fiscalYear": "2021",
    "period": "Q1",
    "revenue": 134622000000,
    "costOfRevenue": 102026000000,
    "grossProfit": 32596000000,
    "researchAndDevelopmentExpenses": 0,
    "generalAndAdministrativeExpenses": 27372000000,
    "sellingAndMarketingExpenses": 0,
    "sellingGeneralAndAdministrativeExpenses": 27372000000,
    "otherExpenses": 0,
    "operatingExpenses": 27372000000,
    "costAndExpenses": 129398000000,
    "netInterestIncome": -549000000,
    "interestIncome": 43000000,
    "interestExpense": 592000000,
    "depreciationAndAmortization": 2791000000,
    "ebitda": 8779000000,
    "ebit": 5988000000,
    "nonOperatingIncomeExcludingInterest": -764000000,
    "operatingIncome": 5224000000,
    "totalOtherIncomeExpensesNet": 172000000,
    "incomeBeforeTax": 5396000000,
    "incomeTaxExpense": 1322000000,
    "netIncomeFromContinuingOperations": 4074000000,
    "netIncomeFromDiscontinuedOperations": 0,
    "otherAdjustmentsToNetIncome": 0,
    "netIncome": 3990000000,
    "netIncomeDeductions": 0,
    "bottomLineNetIncome": 3990000000,
    "eps": 0.47,
    "epsDiluted": 0.47,
    "weightedAverageShsOut": 8493000000,
    "weightedAverageShsOutDil": 8547000000
  },
  {
    "date": "2020-01-31",
    "symbol": "WMT",
    "reportedCurrency": "USD",
    "cik": "0000104169",
    "filingDate": "2020-03-20",
    "acceptedDate": "2020-03-20 16:51:02",
    "fiscalYear": "2020",
    "period": "Q4",
    "revenue": 141671000000,
    "costOfRevenue": 107748000000,
    "grossProfit": 33923000000,
    "researchAndDevelopmentExpenses": 0,
    "generalAndAdministrativeExpenses": 28601000000,
    "sellingAndMarketingExpenses": 0,
    "sellingGeneralAndAdministrativeExpenses": 28601000000,
    "otherExpenses": 0,
    "operatingExpenses": 28601000000,
    "costAndExpenses": 136349000000,
    "netInterestIncome": -611000000,
    "interestIncome": 41000000,
    "interestExpense": 652000000,
    "depreciationAndAmortization": 2828000000,
    "ebitda": 9153000000,
    "ebit": 6325000000,
    "nonOperatingIncomeExcludingInterest": -1003000000,
    "operatingIncome": 5322000000,
    "totalOtherIncomeExpensesNet": 351000000,
    "incomeBeforeTax": 5673000000,
    "incomeTaxExpense": 1379000000,
    "netIncomeFromContinuingOperations": 4294000000,
    "netIncomeFromDiscontinuedOperations": 0,
    "otherAdjustmentsToNetIncome": 0,
    "netIncome": 4141000000,
    "netIncomeDeductions": 0,
    "bottomLineNetIncome": 4141000000,
    "eps": 0.49,
    "epsDiluted": 0.48,
    "weightedAverageShsOut": 8508000000,
    "weightedAverageShsOutDil": 8565000000
  },
  {
    "date": "2019-10-31",
    "symbol": "WMT",
    "reportedCurrency": "USD",
    "cik": "0000104169",
    "filingDate": "2019-12-04",
    "acceptedDate": "2019-12-04 16:12:55",
    "fiscalYear": "2020",
    "period": "Q3",
    "revenue": 127991000000,
    "costOfRevenue": 95900000000,
    "grossProfit": 32091000000,
    "researchAndDevelopmentExpenses": 0,
    "generalAndAdministrativeExpenses": 27373000000,
    "sellingAndMarketingExpenses": 0,
    "sellingGeneralAndAdministrativeExpenses": 27373000000,
    "otherExpenses": 0,
    "operatingExpenses": 27373000000,
    "costAndExpenses": 123273000000,
    "netInterestIncome": -589000000,
    "interestIncome": 44000000,
    "interestExpense": 633000000,
    "depreciationAndAmortization": 2723000000,
    "ebitda": 7729000000,
    "ebit": 5006000000,
    "nonOperatingIncomeExcludingInterest": -288000000,
    "operatingIncome": 4718000000,
    "totalOtherIncomeExpensesNet": -345000000,
    "incomeBeforeTax": 4373000000,
    "incomeTaxExpense": 1052000000,
    "netIncomeFromContinuingOperations": 3321000000,
    "netIncomeFromDiscontinuedOperations": 0,
    "otherAdjustmentsToNetIncome": 0,
    "netIncome": 3288000000,
    "netIncomeDeductions": 0,
    "bottomLineNetIncome": 3288000000,
    "eps": 0.39,
    "epsDiluted": 0.38,
    "weightedAverageShsOut": 8529000000,
    "weightedAverageShsOutDil": 8583000000
  },
  {
    "date": "2019-07-31",
    "symbol": "WMT",
    "reportedCurrency": "USD",
    "cik": "0000104169",
    "filingDate": "2019-09-06",
    "acceptedDate": "2019-09-06 16:26:01",
    "fiscalYear": "2020",
    "period": "Q2",
    "revenue": 130377000000,
    "costOfRevenue": 97923000000,
    "grossProfit": 32454000000,
    "researchAndDevelopmentExpenses": 0,
    "generalAndAdministrativeExpenses": 26871000000,
    "sellingAndMarketingExpenses": 0,
    "sellingGeneralAndAdministrativeExpenses": 26871000000,
    "otherExpenses": 0,
    "operatingExpenses": 26871000000,
    "costAndExpenses": 124794000000,
    "netInterestIncome": -585000000,
    "interestIncome": 56000000,
    "interestExpense": 641000000,
    "depreciationAndAmortization": 2722000000,
    "ebitda": 8276000000,
    "ebit": 5554000000,
    "nonOperatingIncomeExcludingInterest": 29000000,
    "operatingIncome": 5583000000,
    "totalOtherIncomeExpensesNet": -670000000,
    "incomeBeforeTax": 4913000000,
    "incomeTaxExpense": 1233000000,
    "netIncomeFromContinuingOperations": 3680000000,
    "netIncomeFromDiscontinuedOperations": 0,
    "otherAdjustmentsToNetIncome": 0,
    "netIncome": 3610000000,
    "netIncomeDeductions": 0,
    "bottomLineNetIncome": 3610000000,
    "eps": 0.42,
    "epsDiluted": 0.42,
    "weightedAverageShsOut": 8559000000,
    "weightedAverageShsOutDil": 8607000000
  },
  {
    "date": "2019-04-30",
    "symbol": "WMT",
    "reportedCurrency": "USD",
    "cik": "0000104169",
    "filingDate": "2019-06-07",
    "acceptedDate": "2019-06-07 16:41:29",
    "fiscalYear": "2020",
    "period": "Q1",
    "revenue": 123925000000,
    "costOfRevenue": 93034000000,
    "grossProfit": 30891000000,
    "researchAndDevelopmentExpenses": 0,
    "generalAndAdministrativeExpenses": 25946000000,
    "sellingAndMarketingExpenses": 0,
    "sellingGeneralAndAdministrativeExpenses": 25946000000,
    "otherExpenses": 0,
    "operatingExpenses": 25946000000,
    "costAndExpenses": 118980000000,
    "netInterestIncome": -625000000,
    "interestIncome": 48000000,
    "interestExpense": 673000000,
    "depreciationAndAmortization": 2714000000,
    "ebitda": 8544000000,
    "ebit": 5830000000,
    "nonOperatingIncomeExcludingInterest": -885000000,
    "operatingIncome": 4945000000,
    "totalOtherIncomeExpensesNet": 212000000,
    "incomeBeforeTax": 5157000000,
    "incomeTaxExpense": 1251000000,
    "netIncomeFromContinuingOperations": 3906000000,
    "netIncomeFromDiscontinuedOperations": 0,
    "otherAdjustmentsToNetIncome": 0,
    "netIncome": 3842000000,
    "netIncomeDeductions": 0,
    "bottomLineNetIncome": 3842000000,
    "eps": 0.45,
    "epsDiluted": 0.44,
    "weightedAverageShsOut": 8607000000,
    "weightedAverageShsOutDil": 8658000000
  },
  {
    "date": "2019-01-31",
    "symbol": "WMT",
    "reportedCurrency": "USD",
    "cik": "0000104169",
    "filingDate": "2019-03-28",
    "acceptedDate": "2019-03-28 16:56:37",
    "fiscalYear": "2019",
    "period": "Q4",
    "revenue": 138793000000,
    "costOfRevenue": 104907000000,
    "grossProfit": 33886000000,
    "researchAndDevelopmentExpenses": 0,
    "generalAndAdministrativeExpenses": 24159000000,
    "sellingAndMarketingExpenses": 3500000000,
    "sellingGeneralAndAdministrativeExpenses": 27819000000,
    "otherExpenses": 0,
    "operatingExpenses": 27819000000,
    "costAndExpenses": 132726000000,
    "netInterestIncome": -605000000,
    "interestIncome": 64000000,
    "interestExpense": 669000000,
    "depreciationAndAmortization": 2731000000,
    "ebitda": 9064000000,
    "ebit": 6333000000,
    "nonOperatingIncomeExcludingInterest": -266000000,
    "operatingIncome": 6067000000,
    "totalOtherIncomeExpensesNet": -403000000,
    "incomeBeforeTax": 5664000000,
    "incomeTaxExpense": 1851000000,
    "netIncomeFromContinuingOperations": 3813000000,
    "netIncomeFromDiscontinuedOperations": 0,
    "otherAdjustmentsToNetIncome": 0,
    "netIncome": 3687000000,
    "netIncomeDeductions": 0,
    "bottomLineNetIncome": 3687000000,
    "eps": 0.42,
    "epsDiluted": 0.42,
    "weightedAverageShsOut": 8688000000,
    "weightedAverageShsOutDil": 8742000000
  },
  {
    "date": "2018-10-31",
    "symbol": "WMT",
    "reportedCurrency": "USD",
    "cik": "0000104169",
    "filingDate": "2018-11-30",
    "acceptedDate": "2018-11-30 16:47:52",
    "fiscalYear": "2019",
    "period": "Q3",
    "revenue": 124894000000,
    "costOfRevenue": 93116000000,
    "grossProfit": 31778000000,
    "researchAndDevelopmentExpenses": 0,
    "generalAndAdministrativeExpenses": 0,
    "sellingAndMarketingExpenses": 0,
    "sellingGeneralAndAdministrativeExpenses": 26792000000,
    "otherExpenses": 0,
    "operatingExpenses": 26792000000,
    "costAndExpenses": 119908000000,
    "netInterestIncome": -534000000,
    "interestIncome": 59000000,
    "interestExpense": 593000000,
    "depreciationAndAmortization": 2615000000,
    "ebitda": 5784000000,
    "ebit": 3169000000,
    "nonOperatingIncomeExcludingInterest": 1817000000,
    "operatingIncome": 4986000000,
    "totalOtherIncomeExpensesNet": -2410000000,
    "incomeBeforeTax": 2576000000,
    "incomeTaxExpense": 759000000,
    "netIncomeFromContinuingOperations": 1817000000,
    "netIncomeFromDiscontinuedOperations": 0,
    "otherAdjustmentsToNetIncome": 0,
    "netIncome": 1710000000,
    "netIncomeDeductions": 0,
    "bottomLineNetIncome": 1710000000,
    "eps": 0.19,
    "epsDiluted": 0.19,
    "weightedAverageShsOut": 8772000000,
    "weightedAverageShsOutDil": 8823000000
  },
  {
    "date": "2018-07-31",
    "symbol": "WMT",
    "reportedCurrency": "USD",
    "cik": "0000104169",
    "filingDate": "2018-09-06",
    "acceptedDate": "2018-09-06 16:52:25",
    "fiscalYear": "2019",
    "period": "Q2",
    "revenue": 128028000000,
    "costOfRevenue": 95571000000,
    "grossProfit": 32457000000,
    "researchAndDevelopmentExpenses": 0,
    "generalAndAdministrativeExpenses": 0,
    "sellingAndMarketingExpenses": 0,
    "sellingGeneralAndAdministrativeExpenses": 26707000000,
    "otherExpenses": 0,
    "operatingExpenses": 26707000000,
    "costAndExpenses": 122278000000,
    "netInterestIncome": -503000000,
    "interestIncome": 51000000,
    "interestExpense": 554000000,
    "depreciationAndAmortization": 2654000000,
    "ebitda": 3606000000,
    "ebit": 952000000,
    "nonOperatingIncomeExcludingInterest": 4798000000,
    "operatingIncome": 5750000000,
    "totalOtherIncomeExpensesNet": -5352000000,
    "incomeBeforeTax": 398000000,
    "incomeTaxExpense": 1125000000,
    "netIncomeFromContinuingOperations": -727000000,
    "netIncomeFromDiscontinuedOperations": 0,
    "otherAdjustmentsToNetIncome": 0,
    "netIncome": -861000000,
    "netIncomeDeductions": 0,
    "bottomLineNetIncome": -861000000,
    "eps": -0.0974,
    "epsDiluted": -0.097,
    "weightedAverageShsOut": 8838000000,
    "weightedAverageShsOutDil": 8880000000
  },
  {
    "date": "2018-04-30",
    "symbol": "WMT",
    "reportedCurrency": "USD",
    "cik": "0000104169",
    "filingDate": "2018-06-04",
    "acceptedDate": "2018-06-04 17:23:45",
    "fiscalYear": "2019",
    "period": "Q1",
    "revenue": 122690000000,
    "costOfRevenue": 91707000000,
    "grossProfit": 30983000000,
    "researchAndDevelopmentExpenses": 0,
    "generalAndAdministrativeExpenses": 0,
    "sellingAndMarketingExpenses": 0,
    "sellingGeneralAndAdministrativeExpenses": 25829000000,
    "otherExpenses": 0,
    "operatingExpenses": 25829000000,
    "costAndExpenses": 117536000000,
    "netInterestIncome": -487000000,
    "interestIncome": 43000000,
    "interestExpense": 530000000,
    "depreciationAndAmortization": 2678000000,
    "ebitda": 6030000000,
    "ebit": 3352000000,
    "nonOperatingIncomeExcludingInterest": 1802000000,
    "operatingIncome": 5154000000,
    "totalOtherIncomeExpensesNet": -2332000000,
    "incomeBeforeTax": 2822000000,
    "incomeTaxExpense": 546000000,
    "netIncomeFromContinuingOperations": 2276000000,
    "netIncomeFromDiscontinuedOperations": 0,
    "otherAdjustmentsToNetIncome": 0,
    "netIncome": 2134000000,
    "netIncomeDeductions": 0,
    "bottomLineNetIncome": 2134000000,
    "eps": 0.24,
    "epsDiluted": 0.24,
    "weightedAverageShsOut": 8850000000,
    "weightedAverageShsOutDil": 8901000000
  },
  {
    "date": "2018-01-31",
    "symbol": "WMT",
    "reportedCurrency": "USD",
    "cik": "0000104169",
    "filingDate": "2018-03-30",
    "acceptedDate": "2018-03-30 16:01:22",
    "fiscalYear": "2018",
    "period": "Q4",
    "revenue": 136267000000,
    "costOfRevenue": 102640000000,
    "grossProfit": 33627000000,
    "researchAndDevelopmentExpenses": 0,
    "generalAndAdministrativeExpenses": 24398000000,
    "sellingAndMarketingExpenses": 3100000000,
    "sellingGeneralAndAdministrativeExpenses": 29160000000,
    "otherExpenses": 0,
    "operatingExpenses": 29160000000,
    "costAndExpenses": 131800000000,
    "netInterestIncome": -499000000,
    "interestIncome": 37000000,
    "interestExpense": 536000000,
    "depreciationAndAmortization": 2702000000,
    "ebitda": 8831000000,
    "ebit": 6129000000,
    "nonOperatingIncomeExcludingInterest": -1662000000,
    "operatingIncome": 4467000000,
    "totalOtherIncomeExpensesNet": -1503000000,
    "incomeBeforeTax": 2964000000,
    "incomeTaxExpense": 601000000,
    "netIncomeFromContinuingOperations": 2363000000,
    "netIncomeFromDiscontinuedOperations": 0,
    "otherAdjustmentsToNetIncome": 0,
    "netIncome": 2175000000,
    "netIncomeDeductions": 0,
    "bottomLineNetIncome": 2175000000,
    "eps": 0.25,
    "epsDiluted": 0.24,
    "weightedAverageShsOut": 8877000000,
    "weightedAverageShsOutDil": 8934000000
  },
  {
    "date": "2017-10-31",
    "symbol": "WMT",
    "reportedCurrency": "USD",
    "cik": "0000104169",
    "filingDate": "2017-12-01",
    "acceptedDate": "2017-12-01 16:29:29",
    "fiscalYear": "2018",
    "period": "Q3",
    "revenue": 123179000000,
    "costOfRevenue": 91547000000,
    "grossProfit": 31632000000,
    "researchAndDevelopmentExpenses": 0,
    "generalAndAdministrativeExpenses": 0,
    "sellingAndMarketingExpenses": 0,
    "sellingGeneralAndAdministrativeExpenses": 26868000000,
    "otherExpenses": 0,
    "operatingExpenses": 26868000000,
    "costAndExpenses": 118415000000,
    "netInterestIncome": -541000000,
    "interestIncome": 42000000,
    "interestExpense": 583000000,
    "depreciationAndAmortization": 2658000000,
    "ebitda": 6120000000,
    "ebit": 3462000000,
    "nonOperatingIncomeExcludingInterest": 1302000000,
    "operatingIncome": 4764000000,
    "totalOtherIncomeExpensesNet": -1885000000,
    "incomeBeforeTax": 2879000000,
    "incomeTaxExpense": 975000000,
    "netIncomeFromContinuingOperations": 1904000000,
    "netIncomeFromDiscontinuedOperations": 0,
    "otherAdjustmentsToNetIncome": 0,
    "netIncome": 1749000000,
    "netIncomeDeductions": 0,
    "bottomLineNetIncome": 1749000000,
    "eps": 0.2,
    "epsDiluted": 0.19,
    "weightedAverageShsOut": 8943000000,
    "weightedAverageShsOutDil": 8988000000
  },
  {
    "date": "2017-07-31",
    "symbol": "WMT",
    "reportedCurrency": "USD",
    "cik": "0000104169",
    "filingDate": "2017-08-31",
    "acceptedDate": "2017-08-31 17:07:31",
    "fiscalYear": "2018",
    "period": "Q2",
    "revenue": 123355000000,
    "costOfRevenue": 91521000000,
    "grossProfit": 31834000000,
    "researchAndDevelopmentExpenses": 0,
    "generalAndAdministrativeExpenses": 0,
    "sellingAndMarketingExpenses": 0,
    "sellingGeneralAndAdministrativeExpenses": 25865000000,
    "otherExpenses": 0,
    "operatingExpenses": 25865000000,
    "costAndExpenses": 117386000000,
    "netInterestIncome": -575000000,
    "interestIncome": 38000000,
    "interestExpense": 613000000,
    "depreciationAndAmortization": 2618000000,
    "ebitda": 7837000000,
    "ebit": 5219000000,
    "nonOperatingIncomeExcludingInterest": 750000000,
    "operatingIncome": 5969000000,
    "totalOtherIncomeExpensesNet": -1363000000,
    "incomeBeforeTax": 4606000000,
    "incomeTaxExpense": 1502000000,
    "netIncomeFromContinuingOperations": 3104000000,
    "netIncomeFromDiscontinuedOperations": 0,
    "otherAdjustmentsToNetIncome": 0,
    "netIncome": 2899000000,
    "netIncomeDeductions": 0,
    "bottomLineNetIncome": 2899000000,
    "eps": 0.32,
    "epsDiluted": 0.32,
    "weightedAverageShsOut": 9024000000,
    "weightedAverageShsOutDil": 9063000000
  },
  {
    "date": "2017-04-30",
    "symbol": "WMT",
    "reportedCurrency": "USD",
    "cik": "0000104169",
    "filingDate": "2017-06-02",
    "acceptedDate": "2017-06-02 16:33:46",
    "fiscalYear": "2018",
    "period": "Q1",
    "revenue": 117542000000,
    "costOfRevenue": 87688000000,
    "grossProfit": 29854000000,
    "researchAndDevelopmentExpenses": 0,
    "generalAndAdministrativeExpenses": 0,
    "sellingAndMarketingExpenses": 0,
    "sellingGeneralAndAdministrativeExpenses": 24617000000,
    "otherExpenses": 0,
    "operatingExpenses": 24617000000,
    "costAndExpenses": 112305000000,
    "netInterestIncome": -563000000,
    "interestIncome": 35000000,
    "interestExpense": 598000000,
    "depreciationAndAmortization": 2551000000,
    "ebitda": 7823000000,
    "ebit": 5237000000,
    "nonOperatingIncomeExcludingInterest": 0,
    "operatingIncome": 5237000000,
    "totalOtherIncomeExpensesNet": -563000000,
    "incomeBeforeTax": 4674000000,
    "incomeTaxExpense": 1522000000,
    "netIncomeFromContinuingOperations": 3152000000,
    "netIncomeFromDiscontinuedOperations": 0,
    "otherAdjustmentsToNetIncome": 0,
    "netIncome": 3039000000,
    "netIncomeDeductions": 0,
    "bottomLineNetIncome": 3039000000,
    "eps": 0.33,
    "epsDiluted": 0.33,
    "weightedAverageShsOut": 9105000000,
    "weightedAverageShsOutDil": 9141000000
  },
  {
    "date": "2017-01-31",
    "symbol": "WMT",
    "reportedCurrency": "USD",
    "cik": "0000104169",
    "filingDate": "2017-03-31",
    "acceptedDate": "2017-03-31 16:54:02",
    "fiscalYear": "2017",
    "period": "Q4",
    "revenue": 130936000000,
    "costOfRevenue": 97743000000,
    "grossProfit": 33193000000,
    "researchAndDevelopmentExpenses": 0,
    "generalAndAdministrativeExpenses": 24088000000,
    "sellingAndMarketingExpenses": 2900000000,
    "sellingGeneralAndAdministrativeExpenses": 26988000000,
    "otherExpenses": 0,
    "operatingExpenses": 26988000000,
    "costAndExpenses": 124731000000,
    "netInterestIncome": -555000000,
    "interestIncome": 30000000,
    "interestExpense": 585000000,
    "depreciationAndAmortization": 2706000000,
    "ebitda": 8911000000,
    "ebit": 6235000000,
    "nonOperatingIncomeExcludingInterest": -30000000,
    "operatingIncome": 6205000000,
    "totalOtherIncomeExpensesNet": -555000000,
    "incomeBeforeTax": 5650000000,
    "incomeTaxExpense": 1664000000,
    "netIncomeFromContinuingOperations": 3986000000,
    "netIncomeFromDiscontinuedOperations": 0,
    "otherAdjustmentsToNetIncome": 0,
    "netIncome": 3757000000,
    "netIncomeDeductions": 0,
    "bottomLineNetIncome": 3757000000,
    "eps": 0.41,
    "epsDiluted": 0.41,
    "weightedAverageShsOut": 9195000000,
    "weightedAverageShsOutDil": 9231000000
  },
  {
    "date": "2016-10-31",
    "symbol": "WMT",
    "reportedCurrency": "USD",
    "cik": "0000104169",
    "filingDate": "2016-12-01",
    "acceptedDate": "2016-12-01 17:16:20",
    "fiscalYear": "2017",
    "period": "Q3",
    "revenue": 118179000000,
    "costOfRevenue": 87484000000,
    "grossProfit": 30695000000,
    "researchAndDevelopmentExpenses": 0,
    "generalAndAdministrativeExpenses": 0,
    "sellingAndMarketingExpenses": 0,
    "sellingGeneralAndAdministrativeExpenses": 25576000000,
    "otherExpenses": 0,
    "operatingExpenses": 25576000000,
    "costAndExpenses": 113060000000,
    "netInterestIncome": -585000000,
    "interestIncome": 24000000,
    "interestExpense": 609000000,
    "depreciationAndAmortization": 2469000000,
    "ebitda": 7588000000,
    "ebit": 5143000000,
    "nonOperatingIncomeExcludingInterest": -24000000,
    "operatingIncome": 5119000000,
    "totalOtherIncomeExpensesNet": -585000000,
    "incomeBeforeTax": 4534000000,
    "incomeTaxExpense": 1332000000,
    "netIncomeFromContinuingOperations": 3202000000,
    "netIncomeFromDiscontinuedOperations": 0,
    "otherAdjustmentsToNetIncome": 0,
    "netIncome": 3034000000,
    "netIncomeDeductions": 0,
    "bottomLineNetIncome": 3034000000,
    "eps": 0.33,
    "epsDiluted": 0.33,
    "weightedAverageShsOut": 9267000000,
    "weightedAverageShsOutDil": 9300000000
  },
  {
    "date": "2016-07-31",
    "symbol": "WMT",
    "reportedCurrency": "USD",
    "cik": "0000104169",
    "filingDate": "2016-08-31",
    "acceptedDate": "2016-08-31 17:25:20",
    "fiscalYear": "2017",
    "period": "Q2",
    "revenue": 120854000000,
    "costOfRevenue": 89485000000,
    "grossProfit": 31369000000,
    "researchAndDevelopmentExpenses": 0,
    "generalAndAdministrativeExpenses": 0,
    "sellingAndMarketingExpenses": 0,
    "sellingGeneralAndAdministrativeExpenses": 25204000000,
    "otherExpenses": 0,
    "operatingExpenses": 25204000000,
    "costAndExpenses": 114689000000,
    "netInterestIncome": -566000000,
    "interestIncome": 22000000,
    "interestExpense": 588000000,
    "depreciationAndAmortization": 2517000000,
    "ebitda": 8682000000,
    "ebit": 6187000000,
    "nonOperatingIncomeExcludingInterest": -22000000,
    "operatingIncome": 6165000000,
    "totalOtherIncomeExpensesNet": -566000000,
    "incomeBeforeTax": 5599000000,
    "incomeTaxExpense": 1710000000,
    "netIncomeFromContinuingOperations": 3889000000,
    "netIncomeFromDiscontinuedOperations": 0,
    "otherAdjustmentsToNetIncome": 0,
    "netIncome": 3773000000,
    "netIncomeDeductions": 0,
    "bottomLineNetIncome": 3773000000,
    "eps": 0.4,
    "epsDiluted": 0.4,
    "weightedAverageShsOut": 9327000000,
    "weightedAverageShsOutDil": 9357000000
  },
  {
    "date": "2016-04-30",
    "symbol": "WMT",
    "reportedCurrency": "USD",
    "cik": "0000104169",
    "filingDate": "2016-06-03",
    "acceptedDate": "2016-06-03 17:05:39",
    "fiscalYear": "2017",
    "period": "Q1",
    "revenue": 115904000000,
    "costOfRevenue": 86544000000,
    "grossProfit": 29360000000,
    "researchAndDevelopmentExpenses": 0,
    "generalAndAdministrativeExpenses": 0,
    "sellingAndMarketingExpenses": 0,
    "sellingGeneralAndAdministrativeExpenses": 24085000000,
    "otherExpenses": 0,
    "operatingExpenses": 24085000000,
    "costAndExpenses": 110629000000,
    "netInterestIncome": -561000000,
    "interestIncome": 24000000,
    "interestExpense": 585000000,
    "depreciationAndAmortization": 2388000000,
    "ebitda": 7663000000,
    "ebit": 5299000000,
    "nonOperatingIncomeExcludingInterest": -24000000,
    "operatingIncome": 5275000000,
    "totalOtherIncomeExpensesNet": -561000000,
    "incomeBeforeTax": 4714000000,
    "incomeTaxExpense": 1498000000,
    "netIncomeFromContinuingOperations": 3216000000,
    "netIncomeFromDiscontinuedOperations": 0,
    "otherAdjustmentsToNetIncome": 0,
    "netIncome": 3079000000,
    "netIncomeDeductions": 0,
    "bottomLineNetIncome": 3079000000,
    "eps": 0.33,
    "epsDiluted": 0.33,
    "weightedAverageShsOut": 9432000000,
    "weightedAverageShsOutDil": 9462000000
  },
  {
    "date": "2016-01-31",
    "symbol": "WMT",
    "reportedCurrency": "USD",
    "cik": "0000104169",
    "filingDate": "2016-03-30",
    "acceptedDate": "2016-03-30 17:18:29",
    "fiscalYear": "2016",
    "period": "Q4",
    "revenue": 129667000000,
    "costOfRevenue": 96999000000,
    "grossProfit": 32668000000,
    "researchAndDevelopmentExpenses": 0,
    "generalAndAdministrativeExpenses": 23526000000,
    "sellingAndMarketingExpenses": 2500000000,
    "sellingGeneralAndAdministrativeExpenses": 26026000000,
    "otherExpenses": 0,
    "operatingExpenses": 26026000000,
    "costAndExpenses": 123025000000,
    "netInterestIncome": -548000000,
    "interestIncome": 17000000,
    "interestExpense": 565000000,
    "depreciationAndAmortization": 2431000000,
    "ebitda": 9073000000,
    "ebit": 6659000000,
    "nonOperatingIncomeExcludingInterest": -17000000,
    "operatingIncome": 6642000000,
    "totalOtherIncomeExpensesNet": -548000000,
    "incomeBeforeTax": 6094000000,
    "incomeTaxExpense": 1346000000,
    "netIncomeFromContinuingOperations": 4748000000,
    "netIncomeFromDiscontinuedOperations": 0,
    "otherAdjustmentsToNetIncome": 0,
    "netIncome": 4574000000,
    "netIncomeDeductions": 0,
    "bottomLineNetIncome": 4574000000,
    "eps": 0.48,
    "epsDiluted": 0.48,
    "weightedAverageShsOut": 9558000000,
    "weightedAverageShsOutDil": 9585000000
  },
  {
    "date": "2015-10-31",
    "symbol": "WMT",
    "reportedCurrency": "USD",
    "cik": "0000104169",
    "filingDate": "2015-12-02",
    "acceptedDate": "2015-12-02 16:49:46",
    "fiscalYear": "2016",
    "period": "Q3",
    "revenue": 117408000000,
    "costOfRevenue": 87446000000,
    "grossProfit": 29962000000,
    "researchAndDevelopmentExpenses": 0,
    "generalAndAdministrativeExpenses": 0,
    "sellingAndMarketingExpenses": 0,
    "sellingGeneralAndAdministrativeExpenses": 24248000000,
    "otherExpenses": 0,
    "operatingExpenses": 24248000000,
    "costAndExpenses": 111694000000,
    "netInterestIncome": -552000000,
    "interestIncome": 21000000,
    "interestExpense": 573000000,
    "depreciationAndAmortization": 2365000000,
    "ebitda": 8079000000,
    "ebit": 5735000000,
    "nonOperatingIncomeExcludingInterest": -21000000,
    "operatingIncome": 5714000000,
    "totalOtherIncomeExpensesNet": -552000000,
    "incomeBeforeTax": 5162000000,
    "incomeTaxExpense": 1748000000,
    "netIncomeFromContinuingOperations": 3414000000,
    "netIncomeFromDiscontinuedOperations": 0,
    "otherAdjustmentsToNetIncome": 0,
    "netIncome": 3304000000,
    "netIncomeDeductions": 0,
    "bottomLineNetIncome": 3304000000,
    "eps": 0.34,
    "epsDiluted": 0.34,
    "weightedAverageShsOut": 9630000000,
    "weightedAverageShsOutDil": 9657000000
  },
  {
    "date": "2015-07-31",
    "symbol": "WMT",
    "reportedCurrency": "USD",
    "cik": "0000104169",
    "filingDate": "2015-09-09",
    "acceptedDate": "2015-09-09 16:41:30",
    "fiscalYear": "2016",
    "period": "Q2",
    "revenue": 120229000000,
    "costOfRevenue": 90056000000,
    "grossProfit": 30173000000,
    "researchAndDevelopmentExpenses": 0,
    "generalAndAdministrativeExpenses": 0,
    "sellingAndMarketingExpenses": 0,
    "sellingGeneralAndAdministrativeExpenses": 24104000000,
    "otherExpenses": 0,
    "operatingExpenses": 24104000000,
    "costAndExpenses": 114160000000,
    "netInterestIncome": -543000000,
    "interestIncome": 24000000,
    "interestExpense": 567000000,
    "depreciationAndAmortization": 2339000000,
    "ebitda": 8408000000,
    "ebit": 6093000000,
    "nonOperatingIncomeExcludingInterest": -24000000,
    "operatingIncome": 6069000000,
    "totalOtherIncomeExpensesNet": -543000000,
    "incomeBeforeTax": 5526000000,
    "incomeTaxExpense": 1891000000,
    "netIncomeFromContinuingOperations": 3635000000,
    "netIncomeFromDiscontinuedOperations": 0,
    "otherAdjustmentsToNetIncome": 0,
    "netIncome": 3475000000,
    "netIncomeDeductions": 0,
    "bottomLineNetIncome": 3475000000,
    "eps": 0.36,
    "epsDiluted": 0.36,
    "weightedAverageShsOut": 9663000000,
    "weightedAverageShsOutDil": 9693000000
  },
  {
    "date": "2015-04-30",
    "symbol": "WMT",
    "reportedCurrency": "USD",
    "cik": "0000104169",
    "filingDate": "2015-06-05",
    "acceptedDate": "2015-06-05 17:22:09",
    "fiscalYear": "2016",
    "period": "Q1",
    "revenue": 114826000000,
    "costOfRevenue": 86483000000,
    "grossProfit": 28343000000,
    "researchAndDevelopmentExpenses": 0,
    "generalAndAdministrativeExpenses": 0,
    "sellingAndMarketingExpenses": 0,
    "sellingGeneralAndAdministrativeExpenses": 22663000000,
    "otherExpenses": 0,
    "operatingExpenses": 22663000000,
    "costAndExpenses": 109146000000,
    "netInterestIncome": -824000000,
    "interestIncome": 19000000,
    "interestExpense": 843000000,
    "depreciationAndAmortization": 2319000000,
    "ebitda": 7999000000,
    "ebit": 5699000000,
    "nonOperatingIncomeExcludingInterest": -19000000,
    "operatingIncome": 5680000000,
    "totalOtherIncomeExpensesNet": -824000000,
    "incomeBeforeTax": 4856000000,
    "incomeTaxExpense": 1573000000,
    "netIncomeFromContinuingOperations": 3283000000,
    "netIncomeFromDiscontinuedOperations": 0,
    "otherAdjustmentsToNetIncome": 0,
    "netIncome": 3341000000,
    "netIncomeDeductions": 0,
    "bottomLineNetIncome": 3341000000,
    "eps": 0.34,
    "epsDiluted": 0.34,
    "weightedAverageShsOut": 9693000000,
    "weightedAverageShsOutDil": 9729000000
  },
  {
    "date": "2015-01-31",
    "symbol": "WMT",
    "reportedCurrency": "USD",
    "cik": "0000104169",
    "filingDate": "2015-04-01",
    "acceptedDate": "2015-04-01 16:44:17",
    "fiscalYear": "2015",
    "period": "Q4",
    "revenue": 131565000000,
    "costOfRevenue": 99115000000,
    "grossProfit": 32450000000,
    "researchAndDevelopmentExpenses": 0,
    "generalAndAdministrativeExpenses": 0,
    "sellingAndMarketingExpenses": 0,
    "sellingGeneralAndAdministrativeExpenses": 24501000000,
    "otherExpenses": 0,
    "operatingExpenses": 24501000000,
    "costAndExpenses": 123616000000,
    "netInterestIncome": -586000000,
    "interestIncome": 37000000,
    "interestExpense": 623000000,
    "depreciationAndAmortization": 2292000000,
    "ebitda": 10278000000,
    "ebit": 7986000000,
    "nonOperatingIncomeExcludingInterest": -37000000,
    "operatingIncome": 7949000000,
    "totalOtherIncomeExpensesNet": -586000000,
    "incomeBeforeTax": 7363000000,
    "incomeTaxExpense": 2175000000,
    "netIncomeFromContinuingOperations": 5188000000,
    "netIncomeFromDiscontinuedOperations": 0,
    "otherAdjustmentsToNetIncome": 0,
    "netIncome": 4966000000,
    "netIncomeDeductions": 0,
    "bottomLineNetIncome": 4966000000,
    "eps": 0.51,
    "epsDiluted": 0.51,
    "weightedAverageShsOut": 9690000000,
    "weightedAverageShsOutDil": 9726000000
  },
  {
    "date": "2014-10-31",
    "symbol": "WMT",
    "reportedCurrency": "USD",
    "cik": "0000104169",
    "filingDate": "2014-12-01",
    "acceptedDate": "2014-12-01 15:40:18",
    "fiscalYear": "2015",
    "period": "Q3",
    "revenue": 119001000000,
    "costOfRevenue": 89247000000,
    "grossProfit": 29754000000,
    "researchAndDevelopmentExpenses": 0,
    "generalAndAdministrativeExpenses": 0,
    "sellingAndMarketingExpenses": 0,
    "sellingGeneralAndAdministrativeExpenses": 23489000000,
    "otherExpenses": 0,
    "operatingExpenses": 23489000000,
    "costAndExpenses": 112736000000,
    "netInterestIncome": -656000000,
    "interestIncome": 20000000,
    "interestExpense": 676000000,
    "depreciationAndAmortization": 2354000000,
    "ebitda": 8639000000,
    "ebit": 6285000000,
    "nonOperatingIncomeExcludingInterest": -20000000,
    "operatingIncome": 6265000000,
    "totalOtherIncomeExpensesNet": -656000000,
    "incomeBeforeTax": 5609000000,
    "incomeTaxExpense": 1783000000,
    "netIncomeFromContinuingOperations": 3826000000,
    "netIncomeFromDiscontinuedOperations": 0,
    "otherAdjustmentsToNetIncome": 0,
    "netIncome": 3711000000,
    "netIncomeDeductions": 0,
    "bottomLineNetIncome": 3711000000,
    "eps": 0.38,
    "epsDiluted": 0.38,
    "weightedAverageShsOut": 9687000000,
    "weightedAverageShsOutDil": 9720000000
  },
  {
    "date": "2014-07-31",
    "symbol": "WMT",
    "reportedCurrency": "USD",
    "cik": "0000104169",
    "filingDate": "2014-09-05",
    "acceptedDate": "2014-09-05 17:17:02",
    "fiscalYear": "2015",
    "period": "Q2",
    "revenue": 120125000000,
    "costOfRevenue": 90010000000,
    "grossProfit": 30115000000,
    "researchAndDevelopmentExpenses": 0,
    "generalAndAdministrativeExpenses": 0,
    "sellingAndMarketingExpenses": 0,
    "sellingGeneralAndAdministrativeExpenses": 23375000000,
    "otherExpenses": 0,
    "operatingExpenses": 23375000000,
    "costAndExpenses": 113385000000,
    "netInterestIncome": -538000000,
    "interestIncome": 32000000,
    "interestExpense": 570000000,
    "depreciationAndAmortization": 2277000000,
    "ebitda": 9049000000,
    "ebit": 6772000000,
    "nonOperatingIncomeExcludingInterest": -32000000,
    "operatingIncome": 6740000000,
    "totalOtherIncomeExpensesNet": -538000000,
    "incomeBeforeTax": 6202000000,
    "incomeTaxExpense": 2113000000,
    "netIncomeFromContinuingOperations": 4089000000,
    "netIncomeFromDiscontinuedOperations": 270000000,
    "otherAdjustmentsToNetIncome": 0,
    "netIncome": 4093000000,
    "netIncomeDeductions": 0,
    "bottomLineNetIncome": 4093000000,
    "eps": 0.42,
    "epsDiluted": 0.42,
    "weightedAverageShsOut": 9690000000,
    "weightedAverageShsOutDil": 9723000000
  },
  {
    "date": "2014-04-30",
    "symbol": "WMT",
    "reportedCurrency": "USD",
    "cik": "0000104169",
    "filingDate": "2014-06-06",
    "acceptedDate": "2014-06-06 17:06:48",
    "fiscalYear": "2015",
    "period": "Q1",
    "revenue": 114960000000,
    "costOfRevenue": 86714000000,
    "grossProfit": 28246000000,
    "researchAndDevelopmentExpenses": 0,
    "generalAndAdministrativeExpenses": 0,
    "sellingAndMarketingExpenses": 0,
    "sellingGeneralAndAdministrativeExpenses": 22053000000,
    "otherExpenses": 0,
    "operatingExpenses": 22053000000,
    "costAndExpenses": 108767000000,
    "netInterestIncome": -568000000,
    "interestIncome": 24000000,
    "interestExpense": 592000000,
    "depreciationAndAmortization": 2250000000,
    "ebitda": 8467000000,
    "ebit": 6217000000,
    "nonOperatingIncomeExcludingInterest": -24000000,
    "operatingIncome": 6193000000,
    "totalOtherIncomeExpensesNet": -568000000,
    "incomeBeforeTax": 5625000000,
    "incomeTaxExpense": 1914000000,
    "netIncomeFromContinuingOperations": 3711000000,
    "netIncomeFromDiscontinuedOperations": 15000000,
    "otherAdjustmentsToNetIncome": 0,
    "netIncome": 3593000000,
    "netIncomeDeductions": 0,
    "bottomLineNetIncome": 3593000000,
    "eps": 0.37,
    "epsDiluted": 0.37,
    "weightedAverageShsOut": 9699000000,
    "weightedAverageShsOutDil": 9744000000
  },
  {
    "date": "2014-01-31",
    "symbol": "WMT",
    "reportedCurrency": "USD",
    "cik": "0000104169",
    "filingDate": "2014-03-21",
    "acceptedDate": "2014-03-21 17:10:49",
    "fiscalYear": "2014",
    "period": "Q4",
    "revenue": 129706000000,
    "costOfRevenue": 97971000000,
    "grossProfit": 31735000000,
    "researchAndDevelopmentExpenses": 0,
    "generalAndAdministrativeExpenses": 0,
    "sellingAndMarketingExpenses": 0,
    "sellingGeneralAndAdministrativeExpenses": 24388000000,
    "otherExpenses": 0,
    "operatingExpenses": 24388000000,
    "costAndExpenses": 122359000000,
    "netInterestIncome": -554000000,
    "interestIncome": 27000000,
    "interestExpense": 581000000,
    "depreciationAndAmortization": 2270000000,
    "ebitda": 9644000000,
    "ebit": 7374000000,
    "nonOperatingIncomeExcludingInterest": -27000000,
    "operatingIncome": 7347000000,
    "totalOtherIncomeExpensesNet": -554000000,
    "incomeBeforeTax": 6793000000,
    "incomeTaxExpense": 2249000000,
    "netIncomeFromContinuingOperations": 4544000000,
    "netIncomeFromDiscontinuedOperations": 106000000,
    "otherAdjustmentsToNetIncome": 0,
    "netIncome": 4431000000,
    "netIncomeDeductions": 0,
    "bottomLineNetIncome": 4431000000,
    "eps": 0.46,
    "epsDiluted": 0.45,
    "weightedAverageShsOut": 9720000000,
    "weightedAverageShsOutDil": 9762000000
  },
  {
    "date": "2013-10-31",
    "symbol": "WMT",
    "reportedCurrency": "USD",
    "cik": "0000104169",
    "filingDate": "2013-12-06",
    "acceptedDate": "2013-12-06 17:17:23",
    "fiscalYear": "2014",
    "period": "Q3",
    "revenue": 115688000000,
    "costOfRevenue": 86687000000,
    "grossProfit": 29001000000,
    "researchAndDevelopmentExpenses": 0,
    "generalAndAdministrativeExpenses": 0,
    "sellingAndMarketingExpenses": 0,
    "sellingGeneralAndAdministrativeExpenses": 22691000000,
    "otherExpenses": 0,
    "operatingExpenses": 22691000000,
    "costAndExpenses": 109378000000,
    "netInterestIncome": -580000000,
    "interestIncome": 12000000,
    "interestExpense": 592000000,
    "depreciationAndAmortization": 2198000000,
    "ebitda": 8520000000,
    "ebit": 6322000000,
    "nonOperatingIncomeExcludingInterest": -12000000,
    "operatingIncome": 6310000000,
    "totalOtherIncomeExpensesNet": -580000000,
    "incomeBeforeTax": 5730000000,
    "incomeTaxExpense": 1860000000,
    "netIncomeFromContinuingOperations": 3870000000,
    "netIncomeFromDiscontinuedOperations": 15000000,
    "otherAdjustmentsToNetIncome": 0,
    "netIncome": 3738000000,
    "netIncomeDeductions": 0,
    "bottomLineNetIncome": 3738000000,
    "eps": 0.38,
    "epsDiluted": 0.38,
    "weightedAverageShsOut": 9771000000,
    "weightedAverageShsOutDil": 9813000000
  },
  {
    "date": "2013-07-31",
    "symbol": "WMT",
    "reportedCurrency": "USD",
    "cik": "0000104169",
    "filingDate": "2013-09-05",
    "acceptedDate": "2013-09-05 17:07:58",
    "fiscalYear": "2014",
    "period": "Q2",
    "revenue": 116830000000,
    "costOfRevenue": 87420000000,
    "grossProfit": 29410000000,
    "researchAndDevelopmentExpenses": 0,
    "generalAndAdministrativeExpenses": 0,
    "sellingAndMarketingExpenses": 0,
    "sellingGeneralAndAdministrativeExpenses": 22633000000,
    "otherExpenses": 0,
    "operatingExpenses": 22633000000,
    "costAndExpenses": 110053000000,
    "netInterestIncome": -552000000,
    "interestIncome": 36000000,
    "interestExpense": 589000000,
    "depreciationAndAmortization": 2215000000,
    "ebitda": 9029000000,
    "ebit": 6814000000,
    "nonOperatingIncomeExcludingInterest": -37000000,
    "operatingIncome": 6777000000,
    "totalOtherIncomeExpensesNet": -552000000,
    "incomeBeforeTax": 6225000000,
    "incomeTaxExpense": 2020000000,
    "netIncomeFromContinuingOperations": 4205000000,
    "netIncomeFromDiscontinuedOperations": 10000000,
    "otherAdjustmentsToNetIncome": 0,
    "netIncome": 4069000000,
    "netIncomeDeductions": 0,
    "bottomLineNetIncome": 4069000000,
    "eps": 0.41,
    "epsDiluted": 0.41,
    "weightedAverageShsOut": 9834000000,
    "weightedAverageShsOutDil": 9873000000
  },
  {
    "date": "2013-04-30",
    "symbol": "WMT",
    "reportedCurrency": "USD",
    "cik": "0000104169",
    "filingDate": "2013-06-07",
    "acceptedDate": "2013-06-07 17:10:53",
    "fiscalYear": "2014",
    "period": "Q1",
    "revenue": 114070000000,
    "costOfRevenue": 85991000000,
    "grossProfit": 28079000000,
    "researchAndDevelopmentExpenses": 0,
    "generalAndAdministrativeExpenses": 0,
    "sellingAndMarketingExpenses": 0,
    "sellingGeneralAndAdministrativeExpenses": 21641000000,
    "otherExpenses": 0,
    "operatingExpenses": 21641000000,
    "costAndExpenses": 107632000000,
    "netInterestIncome": -530000000,
    "interestIncome": 44000000,
    "interestExpense": 574000000,
    "depreciationAndAmortization": 2187000000,
    "ebitda": 8668000000,
    "ebit": 6481000000,
    "nonOperatingIncomeExcludingInterest": -43000000,
    "operatingIncome": 6438000000,
    "totalOtherIncomeExpensesNet": -530000000,
    "incomeBeforeTax": 5908000000,
    "incomeTaxExpense": 1976000000,
    "netIncomeFromContinuingOperations": 3932000000,
    "netIncomeFromDiscontinuedOperations": 13000000,
    "otherAdjustmentsToNetIncome": 0,
    "netIncome": 3784000000,
    "netIncomeDeductions": 0,
    "bottomLineNetIncome": 3784000000,
    "eps": 0.38,
    "epsDiluted": 0.38,
    "weightedAverageShsOut": 9903000000,
    "weightedAverageShsOutDil": 9954000000
  },
  {
    "date": "2013-01-31",
    "symbol": "WMT",
    "reportedCurrency": "USD",
    "cik": "0000104169",
    "filingDate": "2013-03-26",
    "acceptedDate": "2013-03-26 17:09:05",
    "fiscalYear": "2013",
    "period": "Q4",
    "revenue": 127919000000,
    "costOfRevenue": 96128000000,
    "grossProfit": 31791000000,
    "researchAndDevelopmentExpenses": 0,
    "generalAndAdministrativeExpenses": 0,
    "sellingAndMarketingExpenses": 0,
    "sellingGeneralAndAdministrativeExpenses": 23191000000,
    "otherExpenses": 0,
    "operatingExpenses": 23191000000,
    "costAndExpenses": 119319000000,
    "netInterestIncome": -477000000,
    "interestIncome": 56000000,
    "interestExpense": 533000000,
    "depreciationAndAmortization": 2179000000,
    "ebitda": 10835000000,
    "ebit": 8656000000,
    "nonOperatingIncomeExcludingInterest": -56000000,
    "operatingIncome": 8600000000,
    "totalOtherIncomeExpensesNet": -477000000,
    "incomeBeforeTax": 8123000000,
    "incomeTaxExpense": 2247000000,
    "netIncomeFromContinuingOperations": 5876000000,
    "netIncomeFromDiscontinuedOperations": 0,
    "otherAdjustmentsToNetIncome": 0,
    "netIncome": 5606000000,
    "netIncomeDeductions": 0,
    "bottomLineNetIncome": 5606000000,
    "eps": 0.56,
    "epsDiluted": 0.56,
    "weightedAverageShsOut": 10020000000,
    "weightedAverageShsOutDil": 10065000000
  },
  {
    "date": "2012-10-31",
    "symbol": "WMT",
    "reportedCurrency": "USD",
    "cik": "0000104169",
    "filingDate": "2012-12-04",
    "acceptedDate": "2012-12-04 16:49:27",
    "fiscalYear": "2013",
    "period": "Q3",
    "revenue": 113800000000,
    "costOfRevenue": 85470000000,
    "grossProfit": 28330000000,
    "researchAndDevelopmentExpenses": 0,
    "generalAndAdministrativeExpenses": 0,
    "sellingAndMarketingExpenses": 0,
    "sellingGeneralAndAdministrativeExpenses": 22237000000,
    "otherExpenses": 0,
    "operatingExpenses": 22237000000,
    "costAndExpenses": 107707000000,
    "netInterestIncome": -546000000,
    "interestIncome": 43000000,
    "interestExpense": 590000000,
    "depreciationAndAmortization": 2071000000,
    "ebitda": 8208000000,
    "ebit": 6137000000,
    "nonOperatingIncomeExcludingInterest": -44000000,
    "operatingIncome": 6093000000,
    "totalOtherIncomeExpensesNet": -546000000,
    "incomeBeforeTax": 5547000000,
    "incomeTaxExpense": 1738000000,
    "netIncomeFromContinuingOperations": 3809000000,
    "netIncomeFromDiscontinuedOperations": 16000000,
    "otherAdjustmentsToNetIncome": 0,
    "netIncome": 3635000000,
    "netIncomeDeductions": 0,
    "bottomLineNetIncome": 3635000000,
    "eps": 0.36,
    "epsDiluted": 0.36,
    "weightedAverageShsOut": 10092000000,
    "weightedAverageShsOutDil": 10137000000
  },
  {
    "date": "2012-07-31",
    "symbol": "WMT",
    "reportedCurrency": "USD",
    "cik": "0000104169",
    "filingDate": "2012-09-06",
    "acceptedDate": "2012-09-06 16:25:30",
    "fiscalYear": "2013",
    "period": "Q2",
    "revenue": 114282000000,
    "costOfRevenue": 85643000000,
    "grossProfit": 28639000000,
    "researchAndDevelopmentExpenses": 0,
    "generalAndAdministrativeExpenses": 0,
    "sellingAndMarketingExpenses": 0,
    "sellingGeneralAndAdministrativeExpenses": 21941000000,
    "otherExpenses": 0,
    "operatingExpenses": 21941000000,
    "costAndExpenses": 107584000000,
    "netInterestIncome": -505000000,
    "interestIncome": 50000000,
    "interestExpense": 555000000,
    "depreciationAndAmortization": 2127000000,
    "ebitda": 8875000000,
    "ebit": 6748000000,
    "nonOperatingIncomeExcludingInterest": -50000000,
    "operatingIncome": 6698000000,
    "totalOtherIncomeExpensesNet": -505000000,
    "incomeBeforeTax": 6193000000,
    "incomeTaxExpense": 2032000000,
    "netIncomeFromContinuingOperations": 4161000000,
    "netIncomeFromDiscontinuedOperations": 0,
    "otherAdjustmentsToNetIncome": 0,
    "netIncome": 4016000000,
    "netIncomeDeductions": 0,
    "bottomLineNetIncome": 4016000000,
    "eps": 0.4,
    "epsDiluted": 0.39,
    "weightedAverageShsOut": 10152000000,
    "weightedAverageShsOutDil": 10194000000
  },
  {
    "date": "2012-04-30",
    "symbol": "WMT",
    "reportedCurrency": "USD",
    "cik": "0000104169",
    "filingDate": "2012-06-01",
    "acceptedDate": "2012-06-01 17:18:21",
    "fiscalYear": "2013",
    "period": "Q1",
    "revenue": 113010000000,
    "costOfRevenue": 85178000000,
    "grossProfit": 27832000000,
    "researchAndDevelopmentExpenses": 0,
    "generalAndAdministrativeExpenses": 0,
    "sellingAndMarketingExpenses": 0,
    "sellingGeneralAndAdministrativeExpenses": 21445000000,
    "otherExpenses": 0,
    "operatingExpenses": 21445000000,
    "costAndExpenses": 106623000000,
    "netInterestIncome": -535000000,
    "interestIncome": 38000000,
    "interestExpense": 573000000,
    "depreciationAndAmortization": 2106000000,
    "ebitda": 8531000000,
    "ebit": 6425000000,
    "nonOperatingIncomeExcludingInterest": -38000000,
    "operatingIncome": 6387000000,
    "totalOtherIncomeExpensesNet": -535000000,
    "incomeBeforeTax": 5852000000,
    "incomeTaxExpense": 1958000000,
    "netIncomeFromContinuingOperations": 3894000000,
    "netIncomeFromDiscontinuedOperations": 0,
    "otherAdjustmentsToNetIncome": 0,
    "netIncome": 3742000000,
    "netIncomeDeductions": 0,
    "bottomLineNetIncome": 3742000000,
    "eps": 0.37,
    "epsDiluted": 0.36,
    "weightedAverageShsOut": 10227000000,
    "weightedAverageShsOutDil": 10275000000
  },
  {
    "date": "2012-01-31",
    "symbol": "WMT",
    "reportedCurrency": "USD",
    "cik": "0000104169",
    "filingDate": "2012-03-27",
    "acceptedDate": "2012-03-27 17:22:22",
    "fiscalYear": "2012",
    "period": "Q4",
    "revenue": 123169000000,
    "costOfRevenue": 92589000000,
    "grossProfit": 30580000000,
    "researchAndDevelopmentExpenses": 0,
    "generalAndAdministrativeExpenses": 0,
    "sellingAndMarketingExpenses": 0,
    "sellingGeneralAndAdministrativeExpenses": 22179000000,
    "otherExpenses": 0,
    "operatingExpenses": 22179000000,
    "costAndExpenses": 114768000000,
    "netInterestIncome": -529000000,
    "interestIncome": 31000000,
    "interestExpense": 560000000,
    "depreciationAndAmortization": 2063000000,
    "ebitda": 10495000000,
    "ebit": 8432000000,
    "nonOperatingIncomeExcludingInterest": -31000000,
    "operatingIncome": 8401000000,
    "totalOtherIncomeExpensesNet": -529000000,
    "incomeBeforeTax": 7872000000,
    "incomeTaxExpense": 2434000000,
    "netIncomeFromContinuingOperations": 5438000000,
    "netIncomeFromDiscontinuedOperations": -31000000,
    "otherAdjustmentsToNetIncome": 0,
    "netIncome": 5163000000,
    "netIncomeDeductions": 0,
    "bottomLineNetIncome": 5163000000,
    "eps": 0.5,
    "epsDiluted": 0.5,
    "weightedAverageShsOut": 10278000000,
    "weightedAverageShsOutDil": 10326000000
  },
  {
    "date": "2011-10-31",
    "symbol": "WMT",
    "reportedCurrency": "USD",
    "cik": "0000104169",
    "filingDate": "2011-12-08",
    "acceptedDate": "2011-12-08 16:48:43",
    "fiscalYear": "2012",
    "period": "Q3",
    "revenue": 110226000000,
    "costOfRevenue": 82591000000,
    "grossProfit": 27635000000,
    "researchAndDevelopmentExpenses": 0,
    "generalAndAdministrativeExpenses": 0,
    "sellingAndMarketingExpenses": 0,
    "sellingGeneralAndAdministrativeExpenses": 21757000000,
    "otherExpenses": 0,
    "operatingExpenses": 21757000000,
    "costAndExpenses": 104348000000,
    "netInterestIncome": -535000000,
    "interestIncome": 65000000,
    "interestExpense": 600000000,
    "depreciationAndAmortization": 2040000000,
    "ebitda": 7983000000,
    "ebit": 5943000000,
    "nonOperatingIncomeExcludingInterest": -65000000,
    "operatingIncome": 5878000000,
    "totalOtherIncomeExpensesNet": -535000000,
    "incomeBeforeTax": 5343000000,
    "incomeTaxExpense": 1842000000,
    "netIncomeFromContinuingOperations": 3501000000,
    "netIncomeFromDiscontinuedOperations": -8000000,
    "otherAdjustmentsToNetIncome": 0,
    "netIncome": 3336000000,
    "netIncomeDeductions": 0,
    "bottomLineNetIncome": 3336000000,
    "eps": 0.32,
    "epsDiluted": 0.32,
    "weightedAverageShsOut": 10335000000,
    "weightedAverageShsOutDil": 10374000000
  },
  {
    "date": "2011-07-31",
    "symbol": "WMT",
    "reportedCurrency": "USD",
    "cik": "0000104169",
    "filingDate": "2011-09-01",
    "acceptedDate": "2011-09-01 12:55:04",
    "fiscalYear": "2012",
    "period": "Q2",
    "revenue": 109366000000,
    "costOfRevenue": 81770000000,
    "grossProfit": 27596000000,
    "researchAndDevelopmentExpenses": 0,
    "generalAndAdministrativeExpenses": 0,
    "sellingAndMarketingExpenses": 0,
    "sellingGeneralAndAdministrativeExpenses": 21213000000,
    "otherExpenses": 0,
    "operatingExpenses": 21213000000,
    "costAndExpenses": 102983000000,
    "netInterestIncome": -578000000,
    "interestIncome": 22000000,
    "interestExpense": 600000000,
    "depreciationAndAmortization": 2042000000,
    "ebitda": 8447000000,
    "ebit": 6405000000,
    "nonOperatingIncomeExcludingInterest": -22000000,
    "operatingIncome": 6383000000,
    "totalOtherIncomeExpensesNet": -578000000,
    "incomeBeforeTax": 5805000000,
    "incomeTaxExpense": 1868000000,
    "netIncomeFromContinuingOperations": 3937000000,
    "netIncomeFromDiscontinuedOperations": 0,
    "otherAdjustmentsToNetIncome": 0,
    "netIncome": 3801000000,
    "netIncomeDeductions": 0,
    "bottomLineNetIncome": 3801000000,
    "eps": 0.36,
    "epsDiluted": 0.36,
    "weightedAverageShsOut": 10416000000,
    "weightedAverageShsOutDil": 10455000000
  },
  {
    "date": "2011-04-30",
    "symbol": "WMT",
    "reportedCurrency": "USD",
    "cik": "0000104169",
    "filingDate": "2011-06-03",
    "acceptedDate": "2011-06-03 17:28:43",
    "fiscalYear": "2012",
    "period": "Q1",
    "revenue": 104189000000,
    "costOfRevenue": 78177000000,
    "grossProfit": 26012000000,
    "researchAndDevelopmentExpenses": 0,
    "generalAndAdministrativeExpenses": 0,
    "sellingAndMarketingExpenses": 0,
    "sellingGeneralAndAdministrativeExpenses": 20116000000,
    "otherExpenses": 0,
    "operatingExpenses": 20116000000,
    "costAndExpenses": 98293000000,
    "netInterestIncome": -518000000,
    "interestIncome": 44000000,
    "interestExpense": 562000000,
    "depreciationAndAmortization": 1985000000,
    "ebitda": 7925000000,
    "ebit": 5940000000,
    "nonOperatingIncomeExcludingInterest": -44000000,
    "operatingIncome": 5896000000,
    "totalOtherIncomeExpensesNet": -518000000,
    "incomeBeforeTax": 5378000000,
    "incomeTaxExpense": 1800000000,
    "netIncomeFromContinuingOperations": 3578000000,
    "netIncomeFromDiscontinuedOperations": -28000000,
    "otherAdjustmentsToNetIncome": 0,
    "netIncome": 3399000000,
    "netIncomeDeductions": 0,
    "bottomLineNetIncome": 3399000000,
    "eps": 0.32,
    "epsDiluted": 0.32,
    "weightedAverageShsOut": 10491000000,
    "weightedAverageShsOutDil": 10539000000
  },
  {
    "date": "2011-01-31",
    "symbol": "WMT",
    "reportedCurrency": "USD",
    "cik": "0000104169",
    "filingDate": "2011-03-30",
    "acceptedDate": "2011-03-30 17:31:04",
    "fiscalYear": "2011",
    "period": "Q4",
    "revenue": 116360000000,
    "costOfRevenue": 87158000000,
    "grossProfit": 29202000000,
    "researchAndDevelopmentExpenses": 0,
    "generalAndAdministrativeExpenses": 0,
    "sellingAndMarketingExpenses": 0,
    "sellingGeneralAndAdministrativeExpenses": 21198000000,
    "otherExpenses": 0,
    "operatingExpenses": 21198000000,
    "costAndExpenses": 108356000000,
    "netInterestIncome": -532000000,
    "interestIncome": 40000000,
    "interestExpense": 572000000,
    "depreciationAndAmortization": 2006000000,
    "ebitda": 10050000000,
    "ebit": 8044000000,
    "nonOperatingIncomeExcludingInterest": -40000000,
    "operatingIncome": 8004000000,
    "totalOtherIncomeExpensesNet": -532000000,
    "incomeBeforeTax": 7472000000,
    "incomeTaxExpense": 2294000000,
    "netIncomeFromContinuingOperations": 5178000000,
    "netIncomeFromDiscontinuedOperations": 1034000000,
    "otherAdjustmentsToNetIncome": 0,
    "netIncome": 6056000000,
    "netIncomeDeductions": 0,
    "bottomLineNetIncome": 6056000000,
    "eps": 0.57,
    "epsDiluted": 0.57,
    "weightedAverageShsOut": 10647000000,
    "weightedAverageShsOutDil": 10689000000
  },
  {
    "date": "2010-10-31",
    "symbol": "WMT",
    "reportedCurrency": "USD",
    "cik": "0000104169",
    "filingDate": "2010-12-06",
    "acceptedDate": "2010-12-06 08:26:47",
    "fiscalYear": "2011",
    "period": "Q3",
    "revenue": 101952000000,
    "costOfRevenue": 75819000000,
    "grossProfit": 26133000000,
    "researchAndDevelopmentExpenses": 0,
    "generalAndAdministrativeExpenses": 0,
    "sellingAndMarketingExpenses": 0,
    "sellingGeneralAndAdministrativeExpenses": 20522000000,
    "otherExpenses": 0,
    "operatingExpenses": 20522000000,
    "costAndExpenses": 96341000000,
    "netInterestIncome": -516000000,
    "interestIncome": 53000000,
    "interestExpense": 569000000,
    "depreciationAndAmortization": 1887000000,
    "ebitda": 7551000000,
    "ebit": 5664000000,
    "nonOperatingIncomeExcludingInterest": -53000000,
    "operatingIncome": 5611000000,
    "totalOtherIncomeExpensesNet": -516000000,
    "incomeBeforeTax": 5095000000,
    "incomeTaxExpense": 1505000000,
    "netIncomeFromContinuingOperations": 3590000000,
    "netIncomeFromDiscontinuedOperations": 0,
    "otherAdjustmentsToNetIncome": 0,
    "netIncome": 3436000000,
    "netIncomeDeductions": 0,
    "bottomLineNetIncome": 3436000000,
    "eps": 0.32,
    "epsDiluted": 0.32,
    "weightedAverageShsOut": 10851000000,
    "weightedAverageShsOutDil": 10893000000
  },
  {
    "date": "2010-07-31",
    "symbol": "WMT",
    "reportedCurrency": "USD",
    "cik": "0000104169",
    "filingDate": "2010-09-01",
    "acceptedDate": "2010-09-01 15:50:02",
    "fiscalYear": "2011",
    "period": "Q2",
    "revenue": 103726000000,
    "costOfRevenue": 77438000000,
    "grossProfit": 26288000000,
    "researchAndDevelopmentExpenses": 0,
    "generalAndAdministrativeExpenses": 0,
    "sellingAndMarketingExpenses": 0,
    "sellingGeneralAndAdministrativeExpenses": 20098000000,
    "otherExpenses": 0,
    "operatingExpenses": 20098000000,
    "costAndExpenses": 97536000000,
    "netInterestIncome": -485000000,
    "interestIncome": 57000000,
    "interestExpense": 542000000,
    "depreciationAndAmortization": 1884000000,
    "ebitda": 8131000000,
    "ebit": 6247000000,
    "nonOperatingIncomeExcludingInterest": -57000000,
    "operatingIncome": 6190000000,
    "totalOtherIncomeExpensesNet": -485000000,
    "incomeBeforeTax": 5705000000,
    "incomeTaxExpense": 1958000000,
    "netIncomeFromContinuingOperations": 3747000000,
    "netIncomeFromDiscontinuedOperations": 0,
    "otherAdjustmentsToNetIncome": 0,
    "netIncome": 3596000000,
    "netIncomeDeductions": 0,
    "bottomLineNetIncome": 3596000000,
    "eps": 0.32,
    "epsDiluted": 0.32,
    "weightedAverageShsOut": 11088000000,
    "weightedAverageShsOutDil": 11121000000
  },
  {
    "date": "2010-04-30",
    "symbol": "WMT",
    "reportedCurrency": "USD",
    "cik": "0000104169",
    "filingDate": "2010-06-04",
    "acceptedDate": "2010-06-04 11:55:12",
    "fiscalYear": "2011",
    "period": "Q1",
    "revenue": 99811000000,
    "costOfRevenue": 74618000000,
    "grossProfit": 25193000000,
    "researchAndDevelopmentExpenses": 0,
    "generalAndAdministrativeExpenses": 0,
    "sellingAndMarketingExpenses": 0,
    "sellingGeneralAndAdministrativeExpenses": 19456000000,
    "otherExpenses": 0,
    "operatingExpenses": 19456000000,
    "costAndExpenses": 94074000000,
    "netInterestIncome": -471000000,
    "interestIncome": 51000000,
    "interestExpense": 522000000,
    "depreciationAndAmortization": 1864000000,
    "ebitda": 7652000000,
    "ebit": 5788000000,
    "nonOperatingIncomeExcludingInterest": -51000000,
    "operatingIncome": 5737000000,
    "totalOtherIncomeExpensesNet": -471000000,
    "incomeBeforeTax": 5266000000,
    "incomeTaxExpense": 1822000000,
    "netIncomeFromContinuingOperations": 3444000000,
    "netIncomeFromDiscontinuedOperations": 0,
    "otherAdjustmentsToNetIncome": 0,
    "netIncome": 3301000000,
    "netIncomeDeductions": 0,
    "bottomLineNetIncome": 3301000000,
    "eps": 0.29,
    "epsDiluted": 0.29,
    "weightedAverageShsOut": 11295000000,
    "weightedAverageShsOutDil": 11343000000
  },
  {
    "date": "2010-01-31",
    "symbol": "WMT",
    "reportedCurrency": "USD",
    "cik": "0000104169",
    "filingDate": "2010-03-30",
    "acceptedDate": "2010-03-30 17:07:58",
    "fiscalYear": "2010",
    "period": "Q4",
    "revenue": 113651000000,
    "costOfRevenue": 85311000000,
    "grossProfit": 28340000000,
    "researchAndDevelopmentExpenses": 0,
    "generalAndAdministrativeExpenses": 0,
    "sellingAndMarketingExpenses": 0,
    "sellingGeneralAndAdministrativeExpenses": 21082000000,
    "otherExpenses": 0,
    "operatingExpenses": 21082000000,
    "costAndExpenses": 106393000000,
    "netInterestIncome": -469000000,
    "interestIncome": 53000000,
    "interestExpense": 522000000,
    "depreciationAndAmortization": 1902000000,
    "ebitda": 9213000000,
    "ebit": 7311000000,
    "nonOperatingIncomeExcludingInterest": -53000000,
    "operatingIncome": 7258000000,
    "totalOtherIncomeExpensesNet": -469000000,
    "incomeBeforeTax": 6789000000,
    "incomeTaxExpense": 1925000000,
    "netIncomeFromContinuingOperations": 4864000000,
    "netIncomeFromDiscontinuedOperations": -57000000,
    "otherAdjustmentsToNetIncome": 0,
    "netIncome": 4632000000,
    "netIncomeDeductions": 0,
    "bottomLineNetIncome": 4632000000,
    "eps": 0.41,
    "epsDiluted": 0.4,
    "weightedAverageShsOut": 11415000000,
    "weightedAverageShsOutDil": 11460000000
  },
  {
    "date": "2009-10-31",
    "symbol": "WMT",
    "reportedCurrency": "USD",
    "cik": "0000104169",
    "filingDate": "2009-12-08",
    "acceptedDate": "2009-12-07 18:16:25",
    "fiscalYear": "2010",
    "period": "Q3",
    "revenue": 99373000000,
    "costOfRevenue": 73915000000,
    "grossProfit": 25458000000,
    "researchAndDevelopmentExpenses": 0,
    "generalAndAdministrativeExpenses": 0,
    "sellingAndMarketingExpenses": 0,
    "sellingGeneralAndAdministrativeExpenses": 20016000000,
    "otherExpenses": 0,
    "operatingExpenses": 20016000000,
    "costAndExpenses": 93931000000,
    "netInterestIncome": -475000000,
    "interestIncome": 35000000,
    "interestExpense": 510000000,
    "depreciationAndAmortization": 1798000000,
    "ebitda": 7275000000,
    "ebit": 5477000000,
    "nonOperatingIncomeExcludingInterest": -35000000,
    "operatingIncome": 5442000000,
    "totalOtherIncomeExpensesNet": -475000000,
    "incomeBeforeTax": 4967000000,
    "incomeTaxExpense": 1702000000,
    "netIncomeFromContinuingOperations": 3265000000,
    "netIncomeFromDiscontinuedOperations": -7000000,
    "otherAdjustmentsToNetIncome": 0,
    "netIncome": 3144000000,
    "netIncomeDeductions": 0,
    "bottomLineNetIncome": 3144000000,
    "eps": 0.28,
    "epsDiluted": 0.28,
    "weightedAverageShsOut": 11553000000,
    "weightedAverageShsOutDil": 11583000000
  },
  {
    "date": "2009-07-31",
    "symbol": "WMT",
    "reportedCurrency": "USD",
    "cik": "0000104169",
    "filingDate": "2009-09-09",
    "acceptedDate": "2009-09-09 12:11:29",
    "fiscalYear": "2010",
    "period": "Q2",
    "revenue": 100876000000,
    "costOfRevenue": 75056000000,
    "grossProfit": 25820000000,
    "researchAndDevelopmentExpenses": 0,
    "generalAndAdministrativeExpenses": 0,
    "sellingAndMarketingExpenses": 0,
    "sellingGeneralAndAdministrativeExpenses": 19891000000,
    "otherExpenses": 0,
    "operatingExpenses": 19891000000,
    "costAndExpenses": 94947000000,
    "netInterestIncome": -473000000,
    "interestIncome": 42000000,
    "interestExpense": 515000000,
    "depreciationAndAmortization": 1757000000,
    "ebitda": 7728000000,
    "ebit": 5971000000,
    "nonOperatingIncomeExcludingInterest": -42000000,
    "operatingIncome": 5929000000,
    "totalOtherIncomeExpensesNet": -473000000,
    "incomeBeforeTax": 5456000000,
    "incomeTaxExpense": 1870000000,
    "netIncomeFromContinuingOperations": 3586000000,
    "netIncomeFromDiscontinuedOperations": -7000000,
    "otherAdjustmentsToNetIncome": 0,
    "netIncome": 3472000000,
    "netIncomeDeductions": 0,
    "bottomLineNetIncome": 3472000000,
    "eps": 0.3,
    "epsDiluted": 0.29,
    "weightedAverageShsOut": 11673000000,
    "weightedAverageShsOutDil": 11700000000
  },
  {
    "date": "2009-04-30",
    "symbol": "WMT",
    "reportedCurrency": "USD",
    "cik": "0000104169",
    "filingDate": "2009-06-05",
    "acceptedDate": "2009-06-05 15:01:51",
    "fiscalYear": "2010",
    "period": "Q1",
    "revenue": 94242000000,
    "costOfRevenue": 70388000000,
    "grossProfit": 23854000000,
    "researchAndDevelopmentExpenses": 0,
    "generalAndAdministrativeExpenses": 0,
    "sellingAndMarketingExpenses": 0,
    "sellingGeneralAndAdministrativeExpenses": 18637000000,
    "otherExpenses": 0,
    "operatingExpenses": 18637000000,
    "costAndExpenses": 89025000000,
    "netInterestIncome": -467000000,
    "interestIncome": 51000000,
    "interestExpense": 518000000,
    "depreciationAndAmortization": 1700000000,
    "ebitda": 6968000000,
    "ebit": 5268000000,
    "nonOperatingIncomeExcludingInterest": -51000000,
    "operatingIncome": 5217000000,
    "totalOtherIncomeExpensesNet": -467000000,
    "incomeBeforeTax": 4750000000,
    "incomeTaxExpense": 1603000000,
    "netIncomeFromContinuingOperations": 3147000000,
    "netIncomeFromDiscontinuedOperations": -8000000,
    "otherAdjustmentsToNetIncome": 0,
    "netIncome": 3022000000,
    "netIncomeDeductions": 0,
    "bottomLineNetIncome": 3022000000,
    "eps": 0.26,
    "epsDiluted": 0.26,
    "weightedAverageShsOut": 11760000000,
    "weightedAverageShsOutDil": 11790000000
  },
  {
    "date": "2009-01-31",
    "symbol": "WMT",
    "reportedCurrency": "USD",
    "cik": "0000104169",
    "filingDate": "2009-01-31",
    "acceptedDate": "2009-01-30 19:00:00",
    "fiscalYear": "2009",
    "period": "Q4",
    "revenue": 109116000000,
    "costOfRevenue": 82601000000,
    "grossProfit": 26515000000,
    "researchAndDevelopmentExpenses": 0,
    "generalAndAdministrativeExpenses": 0,
    "sellingAndMarketingExpenses": 0,
    "sellingGeneralAndAdministrativeExpenses": 20138000000,
    "otherExpenses": 0,
    "operatingExpenses": 20138000000,
    "costAndExpenses": 102739000000,
    "netInterestIncome": -492000000,
    "interestIncome": 68000000,
    "interestExpense": 560000000,
    "depreciationAndAmortization": 1685000000,
    "ebitda": 8130000000,
    "ebit": 6445000000,
    "nonOperatingIncomeExcludingInterest": -68000000,
    "operatingIncome": 6377000000,
    "totalOtherIncomeExpensesNet": -492000000,
    "incomeBeforeTax": 5885000000,
    "incomeTaxExpense": 1959000000,
    "netIncomeFromContinuingOperations": 3926000000,
    "netIncomeFromDiscontinuedOperations": 0,
    "otherAdjustmentsToNetIncome": 0,
    "netIncome": 3792000000,
    "netIncomeDeductions": 0,
    "bottomLineNetIncome": 3792000000,
    "eps": 0.32,
    "epsDiluted": 0.32,
    "weightedAverageShsOut": 11772000000,
    "weightedAverageShsOutDil": 11808000000
  },
  {
    "date": "2008-10-31",
    "symbol": "WMT",
    "reportedCurrency": "USD",
    "cik": "0000104169",
    "filingDate": "2008-12-09",
    "acceptedDate": "2008-12-09 15:12:03",
    "fiscalYear": "2009",
    "period": "Q3",
    "revenue": 98345000000,
    "costOfRevenue": 73621000000,
    "grossProfit": 24724000000,
    "researchAndDevelopmentExpenses": 0,
    "generalAndAdministrativeExpenses": 0,
    "sellingAndMarketingExpenses": 0,
    "sellingGeneralAndAdministrativeExpenses": 19432000000,
    "otherExpenses": 0,
    "operatingExpenses": 19432000000,
    "costAndExpenses": 93053000000,
    "netInterestIncome": -456000000,
    "interestIncome": 81000000,
    "interestExpense": 537000000,
    "depreciationAndAmortization": 1688000000,
    "ebitda": 7061000000,
    "ebit": 5373000000,
    "nonOperatingIncomeExcludingInterest": -81000000,
    "operatingIncome": 5292000000,
    "totalOtherIncomeExpensesNet": -456000000,
    "incomeBeforeTax": 4836000000,
    "incomeTaxExpense": 1690000000,
    "netIncomeFromContinuingOperations": 3146000000,
    "netIncomeFromDiscontinuedOperations": 105000000,
    "otherAdjustmentsToNetIncome": 0,
    "netIncome": 3138000000,
    "netIncomeDeductions": 0,
    "bottomLineNetIncome": 3138000000,
    "eps": 0.27,
    "epsDiluted": 0.27,
    "weightedAverageShsOut": 11793000000,
    "weightedAverageShsOutDil": 11832000000
  },
  {
    "date": "2008-07-31",
    "symbol": "WMT",
    "reportedCurrency": "USD",
    "cik": "0000104169",
    "filingDate": "2008-09-04",
    "acceptedDate": "2008-09-04 17:24:52",
    "fiscalYear": "2009",
    "period": "Q2",
    "revenue": 102342000000,
    "costOfRevenue": 77118000000,
    "grossProfit": 25224000000,
    "researchAndDevelopmentExpenses": 0,
    "generalAndAdministrativeExpenses": 0,
    "sellingAndMarketingExpenses": 0,
    "sellingGeneralAndAdministrativeExpenses": 19411000000,
    "otherExpenses": 0,
    "operatingExpenses": 19411000000,
    "costAndExpenses": 96529000000,
    "netInterestIncome": -456000000,
    "interestIncome": 71000000,
    "interestExpense": 527000000,
    "depreciationAndAmortization": 1738000000,
    "ebitda": 7622000000,
    "ebit": 5884000000,
    "nonOperatingIncomeExcludingInterest": -71000000,
    "operatingIncome": 5813000000,
    "totalOtherIncomeExpensesNet": -456000000,
    "incomeBeforeTax": 5357000000,
    "incomeTaxExpense": 1826000000,
    "netIncomeFromContinuingOperations": 3531000000,
    "netIncomeFromDiscontinuedOperations": 48000000,
    "otherAdjustmentsToNetIncome": 0,
    "netIncome": 3449000000,
    "netIncomeDeductions": 0,
    "bottomLineNetIncome": 3449000000,
    "eps": 0.29,
    "epsDiluted": 0.29,
    "weightedAverageShsOut": 11835000000,
    "weightedAverageShsOutDil": 11874000000
  },
  {
    "date": "2008-04-30",
    "symbol": "WMT",
    "reportedCurrency": "USD",
    "cik": "0000104169",
    "filingDate": "2008-06-09",
    "acceptedDate": "2008-06-09 16:37:36",
    "fiscalYear": "2009",
    "period": "Q1",
    "revenue": 94940000000,
    "costOfRevenue": 71372000000,
    "grossProfit": 23568000000,
    "researchAndDevelopmentExpenses": 0,
    "generalAndAdministrativeExpenses": 0,
    "sellingAndMarketingExpenses": 0,
    "sellingGeneralAndAdministrativeExpenses": 18251000000,
    "otherExpenses": 0,
    "operatingExpenses": 18251000000,
    "costAndExpenses": 89623000000,
    "netInterestIncome": -496000000,
    "interestIncome": 64000000,
    "interestExpense": 560000000,
    "depreciationAndAmortization": 1628000000,
    "ebitda": 7009000000,
    "ebit": 5381000000,
    "nonOperatingIncomeExcludingInterest": -64000000,
    "operatingIncome": 5317000000,
    "totalOtherIncomeExpensesNet": -496000000,
    "incomeBeforeTax": 4821000000,
    "incomeTaxExpense": 1670000000,
    "netIncomeFromContinuingOperations": 3151000000,
    "netIncomeFromDiscontinuedOperations": -7000000,
    "otherAdjustmentsToNetIncome": 0,
    "netIncome": 3022000000,
    "netIncomeDeductions": 0,
    "bottomLineNetIncome": 3022000000,
    "eps": 0.25,
    "epsDiluted": 0.25,
    "weightedAverageShsOut": 11871000000,
    "weightedAverageShsOutDil": 11901000000
  },
  {
    "date": "2008-01-31",
    "symbol": "WMT",
    "reportedCurrency": "USD",
    "cik": "0000104169",
    "filingDate": "2008-03-31",
    "acceptedDate": "2008-03-31 16:12:49",
    "fiscalYear": "2008",
    "period": "Q4",
    "revenue": 107428000000,
    "costOfRevenue": 81323000000,
    "grossProfit": 26105000000,
    "researchAndDevelopmentExpenses": 0,
    "generalAndAdministrativeExpenses": 0,
    "sellingAndMarketingExpenses": 0,
    "sellingGeneralAndAdministrativeExpenses": 19224000000,
    "otherExpenses": 0,
    "operatingExpenses": 19224000000,
    "costAndExpenses": 100547000000,
    "netInterestIncome": -541000000,
    "interestIncome": 62000000,
    "interestExpense": 603000000,
    "depreciationAndAmortization": 1661000000,
    "ebitda": 8604000000,
    "ebit": 6943000000,
    "nonOperatingIncomeExcludingInterest": -62000000,
    "operatingIncome": 6881000000,
    "totalOtherIncomeExpensesNet": -541000000,
    "incomeBeforeTax": 6340000000,
    "incomeTaxExpense": 2143000000,
    "netIncomeFromContinuingOperations": 4197000000,
    "netIncomeFromDiscontinuedOperations": 0,
    "otherAdjustmentsToNetIncome": 0,
    "netIncome": 4096000000,
    "netIncomeDeductions": 0,
    "bottomLineNetIncome": 4096000000,
    "eps": 0.35,
    "epsDiluted": 0.34,
    "weightedAverageShsOut": 11871000000,
    "weightedAverageShsOutDil": 11901000000
  },
  {
    "date": "2007-10-31",
    "symbol": "WMT",
    "reportedCurrency": "USD",
    "cik": "0000104169",
    "filingDate": "2007-11-29",
    "acceptedDate": "2007-11-29 17:11:46",
    "fiscalYear": "2008",
    "period": "Q3",
    "revenue": 91865000000,
    "costOfRevenue": 69251000000,
    "grossProfit": 22614000000,
    "researchAndDevelopmentExpenses": 0,
    "generalAndAdministrativeExpenses": 0,
    "sellingAndMarketingExpenses": 0,
    "sellingGeneralAndAdministrativeExpenses": 17653000000,
    "otherExpenses": 0,
    "operatingExpenses": 17653000000,
    "costAndExpenses": 86904000000,
    "netInterestIncome": -460000000,
    "interestIncome": 78000000,
    "interestExpense": 537000000,
    "depreciationAndAmortization": 1596000000,
    "ebitda": 6634000000,
    "ebit": 5038000000,
    "nonOperatingIncomeExcludingInterest": -77000000,
    "operatingIncome": 4961000000,
    "totalOtherIncomeExpensesNet": -460000000,
    "incomeBeforeTax": 4501000000,
    "incomeTaxExpense": 1556000000,
    "netIncomeFromContinuingOperations": 2945000000,
    "netIncomeFromDiscontinuedOperations": 11000000,
    "otherAdjustmentsToNetIncome": 0,
    "netIncome": 2857000000,
    "netIncomeDeductions": 0,
    "bottomLineNetIncome": 2857000000,
    "eps": 0.24,
    "epsDiluted": 0.23,
    "weightedAverageShsOut": 12153000000,
    "weightedAverageShsOutDil": 12168000000
  },
  {
    "date": "2007-07-31",
    "symbol": "WMT",
    "reportedCurrency": "USD",
    "cik": "0000104169",
    "filingDate": "2007-09-10",
    "acceptedDate": "2007-09-10 16:40:11",
    "fiscalYear": "2008",
    "period": "Q2",
    "revenue": 92999000000,
    "costOfRevenue": 70589000000,
    "grossProfit": 22410000000,
    "researchAndDevelopmentExpenses": 0,
    "generalAndAdministrativeExpenses": 0,
    "sellingAndMarketingExpenses": 0,
    "sellingGeneralAndAdministrativeExpenses": 17127000000,
    "otherExpenses": 0,
    "operatingExpenses": 17127000000,
    "costAndExpenses": 87716000000,
    "netInterestIncome": -404000000,
    "interestIncome": 82000000,
    "interestExpense": 488000000,
    "depreciationAndAmortization": 1572000000,
    "ebitda": 6939000000,
    "ebit": 5367000000,
    "nonOperatingIncomeExcludingInterest": -84000000,
    "operatingIncome": 5283000000,
    "totalOtherIncomeExpensesNet": -404000000,
    "incomeBeforeTax": 4879000000,
    "incomeTaxExpense": 1676000000,
    "netIncomeFromContinuingOperations": 3203000000,
    "netIncomeFromDiscontinuedOperations": -145000000,
    "otherAdjustmentsToNetIncome": 0,
    "netIncome": 2952000000,
    "netIncomeDeductions": 0,
    "bottomLineNetIncome": 2952000000,
    "eps": 0.24,
    "epsDiluted": 0.24,
    "weightedAverageShsOut": 12306000000,
    "weightedAverageShsOutDil": 12324000000
  },
  {
    "date": "2007-04-30",
    "symbol": "WMT",
    "reportedCurrency": "USD",
    "cik": "0000104169",
    "filingDate": "2007-06-01",
    "acceptedDate": "2007-06-01 16:29:49",
    "fiscalYear": "2008",
    "period": "Q1",
    "revenue": 86410000000,
    "costOfRevenue": 65311000000,
    "grossProfit": 21099000000,
    "researchAndDevelopmentExpenses": 0,
    "generalAndAdministrativeExpenses": 0,
    "sellingAndMarketingExpenses": 0,
    "sellingGeneralAndAdministrativeExpenses": 16249000000,
    "otherExpenses": 0,
    "operatingExpenses": 16249000000,
    "costAndExpenses": 81560000000,
    "netInterestIncome": -392000000,
    "interestIncome": 83000000,
    "interestExpense": 475000000,
    "depreciationAndAmortization": 1488000000,
    "ebitda": 6421000000,
    "ebit": 4933000000,
    "nonOperatingIncomeExcludingInterest": -83000000,
    "operatingIncome": 4850000000,
    "totalOtherIncomeExpensesNet": -392000000,
    "incomeBeforeTax": 4458000000,
    "incomeTaxExpense": 1532000000,
    "netIncomeFromContinuingOperations": 2926000000,
    "netIncomeFromDiscontinuedOperations": 0,
    "otherAdjustmentsToNetIncome": 0,
    "netIncome": 2826000000,
    "netIncomeDeductions": 0,
    "bottomLineNetIncome": 2826000000,
    "eps": 0.23,
    "epsDiluted": 0.23,
    "weightedAverageShsOut": 12366000000,
    "weightedAverageShsOutDil": 12384000000
  },
  {
    "date": "2007-01-31",
    "symbol": "WMT",
    "reportedCurrency": "USD",
    "cik": "0000104169",
    "filingDate": "2007-03-27",
    "acceptedDate": "2007-03-27 16:40:54",
    "fiscalYear": "2007",
    "period": "Q4",
    "revenue": 99078000000,
    "costOfRevenue": 75565000000,
    "grossProfit": 23513000000,
    "researchAndDevelopmentExpenses": 0,
    "generalAndAdministrativeExpenses": 0,
    "sellingAndMarketingExpenses": 0,
    "sellingGeneralAndAdministrativeExpenses": 17081000000,
    "otherExpenses": 0,
    "operatingExpenses": 17081000000,
    "costAndExpenses": 92646000000,
    "netInterestIncome": -345000000,
    "interestIncome": 84000000,
    "interestExpense": 429000000,
    "depreciationAndAmortization": 1446000000,
    "ebitda": 7962000000,
    "ebit": 6516000000,
    "nonOperatingIncomeExcludingInterest": -84000000,
    "operatingIncome": 6432000000,
    "totalOtherIncomeExpensesNet": -345000000,
    "incomeBeforeTax": 6087000000,
    "incomeTaxExpense": 1977000000,
    "netIncomeFromContinuingOperations": 4110000000,
    "netIncomeFromDiscontinuedOperations": 0,
    "otherAdjustmentsToNetIncome": 0,
    "netIncome": 3939000000,
    "netIncomeDeductions": 0,
    "bottomLineNetIncome": 3939000000,
    "eps": 0.32,
    "epsDiluted": 0.32,
    "weightedAverageShsOut": 12366000000,
    "weightedAverageShsOutDil": 12384000000
  },
  {
    "date": "2006-10-31",
    "symbol": "WMT",
    "reportedCurrency": "USD",
    "cik": "0000104169",
    "filingDate": "2006-11-30",
    "acceptedDate": "2006-11-30 16:15:18",
    "fiscalYear": "2007",
    "period": "Q3",
    "revenue": 84467000000,
    "costOfRevenue": 63765000000,
    "grossProfit": 20702000000,
    "researchAndDevelopmentExpenses": 0,
    "generalAndAdministrativeExpenses": 0,
    "sellingAndMarketingExpenses": 0,
    "sellingGeneralAndAdministrativeExpenses": 16237000000,
    "otherExpenses": 0,
    "operatingExpenses": 16237000000,
    "costAndExpenses": 80002000000,
    "netInterestIncome": -424000000,
    "interestIncome": 65000000,
    "interestExpense": 489000000,
    "depreciationAndAmortization": 1371000000,
    "ebitda": 5901000000,
    "ebit": 4530000000,
    "nonOperatingIncomeExcludingInterest": -65000000,
    "operatingIncome": 4465000000,
    "totalOtherIncomeExpensesNet": -424000000,
    "incomeBeforeTax": 4041000000,
    "incomeTaxExpense": 1363000000,
    "netIncomeFromContinuingOperations": 2678000000,
    "netIncomeFromDiscontinuedOperations": 53000000,
    "otherAdjustmentsToNetIncome": 0,
    "netIncome": 2647000000,
    "netIncomeDeductions": 0,
    "bottomLineNetIncome": 2647000000,
    "eps": 0.21,
    "epsDiluted": 0.21,
    "weightedAverageShsOut": 12507000000,
    "weightedAverageShsOutDil": 12519000000
  },
  {
    "date": "2006-07-31",
    "symbol": "WMT",
    "reportedCurrency": "USD",
    "cik": "0000104169",
    "filingDate": "2006-08-30",
    "acceptedDate": "2006-08-30 16:41:33",
    "fiscalYear": "2007",
    "period": "Q2",
    "revenue": 85430000000,
    "costOfRevenue": 64585000000,
    "grossProfit": 20845000000,
    "researchAndDevelopmentExpenses": 0,
    "generalAndAdministrativeExpenses": 0,
    "sellingAndMarketingExpenses": 0,
    "sellingGeneralAndAdministrativeExpenses": 15741000000,
    "otherExpenses": 0,
    "operatingExpenses": 15741000000,
    "costAndExpenses": 80326000000,
    "netInterestIncome": -393000000,
    "interestIncome": 63000000,
    "interestExpense": 456000000,
    "depreciationAndAmortization": 1348000000,
    "ebitda": 6515000000,
    "ebit": 5167000000,
    "nonOperatingIncomeExcludingInterest": -63000000,
    "operatingIncome": 5104000000,
    "totalOtherIncomeExpensesNet": -393000000,
    "incomeBeforeTax": 4711000000,
    "incomeTaxExpense": 1636000000,
    "netIncomeFromContinuingOperations": 3075000000,
    "netIncomeFromDiscontinuedOperations": -901000000,
    "otherAdjustmentsToNetIncome": 0,
    "netIncome": 2083000000,
    "netIncomeDeductions": 0,
    "bottomLineNetIncome": 2083000000,
    "eps": 0.17,
    "epsDiluted": 0.17,
    "weightedAverageShsOut": 12504000000,
    "weightedAverageShsOutDil": 12516000000
  },
  {
    "date": "2006-04-30",
    "symbol": "WMT",
    "reportedCurrency": "USD",
    "cik": "0000104169",
    "filingDate": "2006-06-02",
    "acceptedDate": "2006-06-02 16:33:01",
    "fiscalYear": "2007",
    "period": "Q1",
    "revenue": 79676000000,
    "costOfRevenue": 60237000000,
    "grossProfit": 19439000000,
    "researchAndDevelopmentExpenses": 0,
    "generalAndAdministrativeExpenses": 0,
    "sellingAndMarketingExpenses": 0,
    "sellingGeneralAndAdministrativeExpenses": 14944000000,
    "otherExpenses": 0,
    "operatingExpenses": 14944000000,
    "costAndExpenses": 75181000000,
    "netInterestIncome": -368000000,
    "interestIncome": 69000000,
    "interestExpense": 437000000,
    "depreciationAndAmortization": 1294000000,
    "ebitda": 5857000000,
    "ebit": 4563000000,
    "nonOperatingIncomeExcludingInterest": -68000000,
    "operatingIncome": 4495000000,
    "totalOtherIncomeExpensesNet": -367000000,
    "incomeBeforeTax": 4127000000,
    "incomeTaxExpense": 1388000000,
    "netIncomeFromContinuingOperations": 2739000000,
    "netIncomeFromDiscontinuedOperations": -45000000,
    "otherAdjustmentsToNetIncome": 0,
    "netIncome": 2615000000,
    "netIncomeDeductions": 0,
    "bottomLineNetIncome": 2615000000,
    "eps": 0.21,
    "epsDiluted": 0.21,
    "weightedAverageShsOut": 12501000000,
    "weightedAverageShsOutDil": 12510000000
  },
  {
    "date": "2006-01-31",
    "symbol": "WMT",
    "reportedCurrency": "USD",
    "cik": "0000104169",
    "filingDate": "2006-03-29",
    "acceptedDate": "2006-03-29 16:14:06",
    "fiscalYear": "2006",
    "period": "Q4",
    "revenue": 90128000000,
    "costOfRevenue": 69045000000,
    "grossProfit": 21083000000,
    "researchAndDevelopmentExpenses": 0,
    "generalAndAdministrativeExpenses": 0,
    "sellingAndMarketingExpenses": 0,
    "sellingGeneralAndAdministrativeExpenses": 15222000000,
    "otherExpenses": 0,
    "operatingExpenses": 15222000000,
    "costAndExpenses": 84267000000,
    "netInterestIncome": -321000000,
    "interestIncome": 78000000,
    "interestExpense": 399000000,
    "depreciationAndAmortization": 1203000000,
    "ebitda": 7142000000,
    "ebit": 5939000000,
    "nonOperatingIncomeExcludingInterest": -78000000,
    "operatingIncome": 5861000000,
    "totalOtherIncomeExpensesNet": -321000000,
    "incomeBeforeTax": 5540000000,
    "incomeTaxExpense": 1834000000,
    "netIncomeFromContinuingOperations": 3706000000,
    "netIncomeFromDiscontinuedOperations": 0,
    "otherAdjustmentsToNetIncome": 0,
    "netIncome": 3591000000,
    "netIncomeDeductions": 0,
    "bottomLineNetIncome": 3591000000,
    "eps": 0.29,
    "epsDiluted": 0.29,
    "weightedAverageShsOut": 12501000000,
    "weightedAverageShsOutDil": 12510000000
  },
  {
    "date": "2005-10-31",
    "symbol": "WMT",
    "reportedCurrency": "USD",
    "cik": "0000104169",
    "filingDate": "2005-12-02",
    "acceptedDate": "2005-12-02 16:34:05",
    "fiscalYear": "2006",
    "period": "Q3",
    "revenue": 75397000000,
    "costOfRevenue": 57325000000,
    "grossProfit": 18072000000,
    "researchAndDevelopmentExpenses": 0,
    "generalAndAdministrativeExpenses": 0,
    "sellingAndMarketingExpenses": 0,
    "sellingGeneralAndAdministrativeExpenses": 13974000000,
    "otherExpenses": 0,
    "operatingExpenses": 13974000000,
    "costAndExpenses": 71299000000,
    "netInterestIncome": -350000000,
    "interestIncome": 59000000,
    "interestExpense": 408000000,
    "depreciationAndAmortization": 1174000000,
    "ebitda": 5329000000,
    "ebit": 4155000000,
    "nonOperatingIncomeExcludingInterest": -57000000,
    "operatingIncome": 4098000000,
    "totalOtherIncomeExpensesNet": -350000000,
    "incomeBeforeTax": 3748000000,
    "incomeTaxExpense": 1253000000,
    "netIncomeFromContinuingOperations": 2495000000,
    "netIncomeFromDiscontinuedOperations": -48000000,
    "otherAdjustmentsToNetIncome": 0,
    "netIncome": 2374000000,
    "netIncomeDeductions": 0,
    "bottomLineNetIncome": 2374000000,
    "eps": 0.19,
    "epsDiluted": 0.19,
    "weightedAverageShsOut": 12495000000,
    "weightedAverageShsOutDil": 12507000000
  },
  {
    "date": "2005-07-31",
    "symbol": "WMT",
    "reportedCurrency": "USD",
    "cik": "0000104169",
    "filingDate": "2005-08-31",
    "acceptedDate": "2005-08-31 15:21:58",
    "fiscalYear": "2006",
    "period": "Q2",
    "revenue": 76697000000,
    "costOfRevenue": 58089000000,
    "grossProfit": 18608000000,
    "researchAndDevelopmentExpenses": 0,
    "generalAndAdministrativeExpenses": 0,
    "sellingAndMarketingExpenses": 0,
    "sellingGeneralAndAdministrativeExpenses": 13878000000,
    "otherExpenses": 0,
    "operatingExpenses": 13878000000,
    "costAndExpenses": 71967000000,
    "netInterestIncome": -306000000,
    "interestIncome": 58000000,
    "interestExpense": 364000000,
    "depreciationAndAmortization": 1153000000,
    "ebitda": 5941000000,
    "ebit": 4788000000,
    "nonOperatingIncomeExcludingInterest": -58000000,
    "operatingIncome": 4730000000,
    "totalOtherIncomeExpensesNet": -306000000,
    "incomeBeforeTax": 4424000000,
    "incomeTaxExpense": 1503000000,
    "netIncomeFromContinuingOperations": 2921000000,
    "netIncomeFromDiscontinuedOperations": -48000000,
    "otherAdjustmentsToNetIncome": 0,
    "netIncome": 2805000000,
    "netIncomeDeductions": 0,
    "bottomLineNetIncome": 2805000000,
    "eps": 0.22,
    "epsDiluted": 0.22,
    "weightedAverageShsOut": 12525000000,
    "weightedAverageShsOutDil": 12540000000
  },
  {
    "date": "2005-04-30",
    "symbol": "WMT",
    "reportedCurrency": "USD",
    "cik": "0000104169",
    "filingDate": "2005-06-03",
    "acceptedDate": "2005-06-03 16:39:06",
    "fiscalYear": "2006",
    "period": "Q1",
    "revenue": 71680000000,
    "costOfRevenue": 54571000000,
    "grossProfit": 17109000000,
    "researchAndDevelopmentExpenses": 0,
    "generalAndAdministrativeExpenses": 0,
    "sellingAndMarketingExpenses": 0,
    "sellingGeneralAndAdministrativeExpenses": 13168000000,
    "otherExpenses": 0,
    "operatingExpenses": 13168000000,
    "costAndExpenses": 67739000000,
    "netInterestIncome": -200000000,
    "interestIncome": 52000000,
    "interestExpense": 252000000,
    "depreciationAndAmortization": 1132000000,
    "ebitda": 5125000000,
    "ebit": 3993000000,
    "nonOperatingIncomeExcludingInterest": -52000000,
    "operatingIncome": 3941000000,
    "totalOtherIncomeExpensesNet": -200000000,
    "incomeBeforeTax": 3741000000,
    "incomeTaxExpense": 1212000000,
    "netIncomeFromContinuingOperations": 2529000000,
    "netIncomeFromDiscontinuedOperations": 0,
    "otherAdjustmentsToNetIncome": 0,
    "netIncome": 2461000000,
    "netIncomeDeductions": 0,
    "bottomLineNetIncome": 2461000000,
    "eps": 0.19,
    "epsDiluted": 0.19,
    "weightedAverageShsOut": 12684000000,
    "weightedAverageShsOutDil": 12702000000
  },
  {
    "date": "2005-01-31",
    "symbol": "WMT",
    "reportedCurrency": "USD",
    "cik": "0000104169",
    "filingDate": "2005-03-31",
    "acceptedDate": "2005-03-31 15:34:03",
    "fiscalYear": "2005",
    "period": "Q4",
    "revenue": 82819000000,
    "costOfRevenue": 63724000000,
    "grossProfit": 19095000000,
    "researchAndDevelopmentExpenses": 0,
    "generalAndAdministrativeExpenses": 0,
    "sellingAndMarketingExpenses": 0,
    "sellingGeneralAndAdministrativeExpenses": 13797000000,
    "otherExpenses": 0,
    "operatingExpenses": 13797000000,
    "costAndExpenses": 77521000000,
    "netInterestIncome": -297000000,
    "interestIncome": 52000000,
    "interestExpense": 349000000,
    "depreciationAndAmortization": 1244000000,
    "ebitda": 6594000000,
    "ebit": 5350000000,
    "nonOperatingIncomeExcludingInterest": -52000000,
    "operatingIncome": 5298000000,
    "totalOtherIncomeExpensesNet": -297000000,
    "incomeBeforeTax": 5001000000,
    "incomeTaxExpense": 1736000000,
    "netIncomeFromContinuingOperations": 3265000000,
    "netIncomeFromDiscontinuedOperations": 0,
    "otherAdjustmentsToNetIncome": 0,
    "netIncome": 3164000000,
    "netIncomeDeductions": 0,
    "bottomLineNetIncome": 3164000000,
    "eps": 0.25,
    "epsDiluted": 0.25,
    "weightedAverageShsOut": 12684000000,
    "weightedAverageShsOutDil": 12702000000
  },
  {
    "date": "2004-10-31",
    "symbol": "WMT",
    "reportedCurrency": "USD",
    "cik": "0000104169",
    "filingDate": "2004-12-03",
    "acceptedDate": "2004-12-03 17:27:28",
    "fiscalYear": "2005",
    "period": "Q3",
    "revenue": 69282000000,
    "costOfRevenue": 52567000000,
    "grossProfit": 16715000000,
    "researchAndDevelopmentExpenses": 0,
    "generalAndAdministrativeExpenses": 0,
    "sellingAndMarketingExpenses": 0,
    "sellingGeneralAndAdministrativeExpenses": 12931000000,
    "otherExpenses": 0,
    "operatingExpenses": 12931000000,
    "costAndExpenses": 65498000000,
    "netInterestIncome": -241000000,
    "interestIncome": 64000000,
    "interestExpense": 305000000,
    "depreciationAndAmortization": 1093000000,
    "ebitda": 4941000000,
    "ebit": 3848000000,
    "nonOperatingIncomeExcludingInterest": -64000000,
    "operatingIncome": 3784000000,
    "totalOtherIncomeExpensesNet": -241000000,
    "incomeBeforeTax": 3543000000,
    "incomeTaxExpense": 1207000000,
    "netIncomeFromContinuingOperations": 2336000000,
    "netIncomeFromDiscontinuedOperations": 0,
    "otherAdjustmentsToNetIncome": 0,
    "netIncome": 2286000000,
    "netIncomeDeductions": 0,
    "bottomLineNetIncome": 2286000000,
    "eps": 0.18,
    "epsDiluted": 0.18,
    "weightedAverageShsOut": 12726000000,
    "weightedAverageShsOutDil": 12747000000
  },
  {
    "date": "2004-07-31",
    "symbol": "WMT",
    "reportedCurrency": "USD",
    "cik": "0000104169",
    "filingDate": "2004-09-03",
    "acceptedDate": "2004-09-03 14:54:45",
    "fiscalYear": "2005",
    "period": "Q2",
    "revenue": 70459000000,
    "costOfRevenue": 53533000000,
    "grossProfit": 16926000000,
    "researchAndDevelopmentExpenses": 0,
    "generalAndAdministrativeExpenses": 0,
    "sellingAndMarketingExpenses": 0,
    "sellingGeneralAndAdministrativeExpenses": 12522000000,
    "otherExpenses": 0,
    "operatingExpenses": 12522000000,
    "costAndExpenses": 66055000000,
    "netInterestIncome": -239000000,
    "interestIncome": 44000000,
    "interestExpense": 283000000,
    "depreciationAndAmortization": 1031000000,
    "ebitda": 5479000000,
    "ebit": 4448000000,
    "nonOperatingIncomeExcludingInterest": -44000000,
    "operatingIncome": 4404000000,
    "totalOtherIncomeExpensesNet": -239000000,
    "incomeBeforeTax": 4165000000,
    "incomeTaxExpense": 1458000000,
    "netIncomeFromContinuingOperations": 2707000000,
    "netIncomeFromDiscontinuedOperations": 0,
    "otherAdjustmentsToNetIncome": 0,
    "netIncome": 2651000000,
    "netIncomeDeductions": 0,
    "bottomLineNetIncome": 2651000000,
    "eps": 0.21,
    "epsDiluted": 0.21,
    "weightedAverageShsOut": 12792000000,
    "weightedAverageShsOutDil": 12816000000
  },
  {
    "date": "2004-04-30",
    "symbol": "WMT",
    "reportedCurrency": "USD",
    "cik": "0000104169",
    "filingDate": "2004-06-04",
    "acceptedDate": "2004-06-04 16:02:43",
    "fiscalYear": "2005",
    "period": "Q1",
    "revenue": 65443000000,
    "costOfRevenue": 49969000000,
    "grossProfit": 15474000000,
    "researchAndDevelopmentExpenses": 0,
    "generalAndAdministrativeExpenses": 0,
    "sellingAndMarketingExpenses": 0,
    "sellingGeneralAndAdministrativeExpenses": 11869000000,
    "otherExpenses": 0,
    "operatingExpenses": 11869000000,
    "costAndExpenses": 61838000000,
    "netInterestIncome": -208000000,
    "interestIncome": 42000000,
    "interestExpense": 250000000,
    "depreciationAndAmortization": 1037000000,
    "ebitda": 4684000000,
    "ebit": 3647000000,
    "nonOperatingIncomeExcludingInterest": -42000000,
    "operatingIncome": 3605000000,
    "totalOtherIncomeExpensesNet": -208000000,
    "incomeBeforeTax": 3397000000,
    "incomeTaxExpense": 1189000000,
    "netIncomeFromContinuingOperations": 2208000000,
    "netIncomeFromDiscontinuedOperations": 0,
    "otherAdjustmentsToNetIncome": 0,
    "netIncome": 2166000000,
    "netIncomeDeductions": 0,
    "bottomLineNetIncome": 2166000000,
    "eps": 0.17,
    "epsDiluted": 0.17,
    "weightedAverageShsOut": 12882000000,
    "weightedAverageShsOutDil": 12906000000
  },
  {
    "date": "2004-01-31",
    "symbol": "WMT",
    "reportedCurrency": "USD",
    "cik": "0000104169",
    "filingDate": "2004-04-09",
    "acceptedDate": "2004-04-09 16:05:14",
    "fiscalYear": "2004",
    "period": "Q4",
    "revenue": 75190000000,
    "costOfRevenue": 58239000000,
    "grossProfit": 16951000000,
    "researchAndDevelopmentExpenses": 0,
    "generalAndAdministrativeExpenses": 0,
    "sellingAndMarketingExpenses": 0,
    "sellingGeneralAndAdministrativeExpenses": 12205000000,
    "otherExpenses": 0,
    "operatingExpenses": 12205000000,
    "costAndExpenses": 70444000000,
    "netInterestIncome": -201000000,
    "interestIncome": 54000000,
    "interestExpense": 255000000,
    "depreciationAndAmortization": 1039000000,
    "ebitda": 5839000000,
    "ebit": 4800000000,
    "nonOperatingIncomeExcludingInterest": -54000000,
    "operatingIncome": 4746000000,
    "totalOtherIncomeExpensesNet": -201000000,
    "incomeBeforeTax": 4545000000,
    "incomeTaxExpense": 1741000000,
    "netIncomeFromContinuingOperations": 2804000000,
    "netIncomeFromDiscontinuedOperations": 0,
    "otherAdjustmentsToNetIncome": 0,
    "netIncome": 2721000000,
    "netIncomeDeductions": 0,
    "bottomLineNetIncome": 2721000000,
    "eps": 0.21,
    "epsDiluted": 0.21,
    "weightedAverageShsOut": 12882000000,
    "weightedAverageShsOutDil": 12906000000
  },
  {
    "date": "2003-10-31",
    "symbol": "WMT",
    "reportedCurrency": "USD",
    "cik": "0000104169",
    "filingDate": "2003-12-11",
    "acceptedDate": "2003-12-11 10:05:59",
    "fiscalYear": "2004",
    "period": "Q3",
    "revenue": 63035000000,
    "costOfRevenue": 48292000000,
    "grossProfit": 14743000000,
    "researchAndDevelopmentExpenses": 0,
    "generalAndAdministrativeExpenses": 0,
    "sellingAndMarketingExpenses": 0,
    "sellingGeneralAndAdministrativeExpenses": 11344000000,
    "otherExpenses": 0,
    "operatingExpenses": 11344000000,
    "costAndExpenses": 59636000000,
    "netInterestIncome": -206000000,
    "interestIncome": 36000000,
    "interestExpense": 242000000,
    "depreciationAndAmortization": 971000000,
    "ebitda": 4396000000,
    "ebit": 3425000000,
    "nonOperatingIncomeExcludingInterest": -26000000,
    "operatingIncome": 3399000000,
    "totalOtherIncomeExpensesNet": -206000000,
    "incomeBeforeTax": 3193000000,
    "incomeTaxExpense": 1117000000,
    "netIncomeFromContinuingOperations": 2076000000,
    "netIncomeFromDiscontinuedOperations": 0,
    "otherAdjustmentsToNetIncome": 0,
    "netIncome": 2028000000,
    "netIncomeDeductions": 0,
    "bottomLineNetIncome": 2028000000,
    "eps": 0.15,
    "epsDiluted": 0.15,
    "weightedAverageShsOut": 13086000000,
    "weightedAverageShsOutDil": 13116000000
  },
  {
    "date": "2003-07-31",
    "symbol": "WMT",
    "reportedCurrency": "USD",
    "cik": "0000104169",
    "filingDate": "2003-09-10",
    "acceptedDate": "2003-09-10 15:59:19",
    "fiscalYear": "2004",
    "period": "Q2",
    "revenue": 63232000000,
    "costOfRevenue": 48298000000,
    "grossProfit": 14934000000,
    "researchAndDevelopmentExpenses": 0,
    "generalAndAdministrativeExpenses": 0,
    "sellingAndMarketingExpenses": 0,
    "sellingGeneralAndAdministrativeExpenses": 11142000000,
    "otherExpenses": 0,
    "operatingExpenses": 11142000000,
    "costAndExpenses": 59440000000,
    "netInterestIncome": -215000000,
    "interestIncome": 37000000,
    "interestExpense": 252000000,
    "depreciationAndAmortization": 954000000,
    "ebitda": 4765000000,
    "ebit": 3811000000,
    "nonOperatingIncomeExcludingInterest": -19000000,
    "operatingIncome": 3792000000,
    "totalOtherIncomeExpensesNet": -215000000,
    "incomeBeforeTax": 3577000000,
    "incomeTaxExpense": 1253000000,
    "netIncomeFromContinuingOperations": 2324000000,
    "netIncomeFromDiscontinuedOperations": 161000000,
    "otherAdjustmentsToNetIncome": 0,
    "netIncome": 2444000000,
    "netIncomeDeductions": 0,
    "bottomLineNetIncome": 2444000000,
    "eps": 0.19,
    "epsDiluted": 0.19,
    "weightedAverageShsOut": 13134000000,
    "weightedAverageShsOutDil": 13164000000
  },
  {
    "date": "2003-04-30",
    "symbol": "WMT",
    "reportedCurrency": "USD",
    "cik": "0000104169",
    "filingDate": "2003-06-09",
    "acceptedDate": "2003-06-09 17:12:14",
    "fiscalYear": "2004",
    "period": "Q1",
    "revenue": 57224000000,
    "costOfRevenue": 43918000000,
    "grossProfit": 13306000000,
    "researchAndDevelopmentExpenses": 0,
    "generalAndAdministrativeExpenses": 0,
    "sellingAndMarketingExpenses": 0,
    "sellingGeneralAndAdministrativeExpenses": 10216000000,
    "otherExpenses": 0,
    "operatingExpenses": 10216000000,
    "costAndExpenses": 54134000000,
    "netInterestIncome": -212000000,
    "interestIncome": 38000000,
    "interestExpense": 250000000,
    "depreciationAndAmortization": 888000000,
    "ebitda": 4016000000,
    "ebit": 3128000000,
    "nonOperatingIncomeExcludingInterest": -38000000,
    "operatingIncome": 3090000000,
    "totalOtherIncomeExpensesNet": -212000000,
    "incomeBeforeTax": 2878000000,
    "incomeTaxExpense": 1006000000,
    "netIncomeFromContinuingOperations": 1872000000,
    "netIncomeFromDiscontinuedOperations": 31000000,
    "otherAdjustmentsToNetIncome": 0,
    "netIncome": 1861000000,
    "netIncomeDeductions": 0,
    "bottomLineNetIncome": 1861000000,
    "eps": 0.14,
    "epsDiluted": 0.14,
    "weightedAverageShsOut": 13158000000,
    "weightedAverageShsOutDil": 13185000000
  },
  {
    "date": "2003-01-31",
    "symbol": "WMT",
    "reportedCurrency": "USD",
    "cik": "0000104169",
    "filingDate": "2003-04-15",
    "acceptedDate": "2003-04-15 17:15:44",
    "fiscalYear": "2003",
    "period": "Q4",
    "revenue": 71586000000,
    "costOfRevenue": 56247000000,
    "grossProfit": 15339000000,
    "researchAndDevelopmentExpenses": 0,
    "generalAndAdministrativeExpenses": 0,
    "sellingAndMarketingExpenses": 0,
    "sellingGeneralAndAdministrativeExpenses": 11112000000,
    "otherExpenses": 0,
    "operatingExpenses": 11112000000,
    "costAndExpenses": 67359000000,
    "netInterestIncome": -217000000,
    "interestIncome": 38000000,
    "interestExpense": 255000000,
    "depreciationAndAmortization": 985000000,
    "ebitda": 5250000000,
    "ebit": 4265000000,
    "nonOperatingIncomeExcludingInterest": -38000000,
    "operatingIncome": 4227000000,
    "totalOtherIncomeExpensesNet": -221000000,
    "incomeBeforeTax": 4010000000,
    "incomeTaxExpense": 1417000000,
    "netIncomeFromContinuingOperations": 2593000000,
    "netIncomeFromDiscontinuedOperations": 0,
    "otherAdjustmentsToNetIncome": 0,
    "netIncome": 2529000000,
    "netIncomeDeductions": 0,
    "bottomLineNetIncome": 2529000000,
    "eps": 0.19,
    "epsDiluted": 0.19,
    "weightedAverageShsOut": 13158000000,
    "weightedAverageShsOutDil": 13185000000
  },
  {
    "date": "2002-10-31",
    "symbol": "WMT",
    "reportedCurrency": "USD",
    "cik": "0000104169",
    "filingDate": "2002-12-06",
    "acceptedDate": "2002-12-06 14:09:32",
    "fiscalYear": "2003",
    "period": "Q3",
    "revenue": 59330000000,
    "costOfRevenue": 45893000000,
    "grossProfit": 13437000000,
    "researchAndDevelopmentExpenses": 0,
    "generalAndAdministrativeExpenses": 0,
    "sellingAndMarketingExpenses": 0,
    "sellingGeneralAndAdministrativeExpenses": 10330000000,
    "otherExpenses": 0,
    "operatingExpenses": 10330000000,
    "costAndExpenses": 56223000000,
    "netInterestIncome": -230000000,
    "interestIncome": 35000000,
    "interestExpense": 265000000,
    "depreciationAndAmortization": 848000000,
    "ebitda": 3914000000,
    "ebit": 3082000000,
    "nonOperatingIncomeExcludingInterest": -34000000,
    "operatingIncome": 3048000000,
    "totalOtherIncomeExpensesNet": -273000000,
    "incomeBeforeTax": 2818000000,
    "incomeTaxExpense": 995000000,
    "netIncomeFromContinuingOperations": 1823000000,
    "netIncomeFromDiscontinuedOperations": 17000000,
    "otherAdjustmentsToNetIncome": 0,
    "netIncome": 1797000000,
    "netIncomeDeductions": 0,
    "bottomLineNetIncome": 1797000000,
    "eps": 0.14,
    "epsDiluted": 0.14,
    "weightedAverageShsOut": 13263000000,
    "weightedAverageShsOutDil": 13302000000
  },
  {
    "date": "2002-07-31",
    "symbol": "WMT",
    "reportedCurrency": "USD",
    "cik": "0000104169",
    "filingDate": "2002-09-11",
    "acceptedDate": "2002-09-11 15:17:03",
    "fiscalYear": "2003",
    "period": "Q2",
    "revenue": 60255000000,
    "costOfRevenue": 46639000000,
    "grossProfit": 13616000000,
    "researchAndDevelopmentExpenses": 0,
    "generalAndAdministrativeExpenses": 0,
    "sellingAndMarketingExpenses": 0,
    "sellingGeneralAndAdministrativeExpenses": 10147000000,
    "otherExpenses": 0,
    "operatingExpenses": 10147000000,
    "costAndExpenses": 56786000000,
    "netInterestIncome": -228000000,
    "interestIncome": 36000000,
    "interestExpense": 254000000,
    "depreciationAndAmortization": 811000000,
    "ebitda": 4176000000,
    "ebit": 3381000000,
    "nonOperatingIncomeExcludingInterest": -30000000,
    "operatingIncome": 3351000000,
    "totalOtherIncomeExpensesNet": -228000000,
    "incomeBeforeTax": 3127000000,
    "incomeTaxExpense": 1092000000,
    "netIncomeFromContinuingOperations": 2035000000,
    "netIncomeFromDiscontinuedOperations": 29000000,
    "otherAdjustmentsToNetIncome": 0,
    "netIncome": 2019000000,
    "netIncomeDeductions": 0,
    "bottomLineNetIncome": 2019000000,
    "eps": 0.15,
    "epsDiluted": 0.15,
    "weightedAverageShsOut": 13314000000,
    "weightedAverageShsOutDil": 13356000000
  },
  {
    "date": "2002-04-30",
    "symbol": "WMT",
    "reportedCurrency": "USD",
    "cik": "0000104169",
    "filingDate": "2002-06-10",
    "acceptedDate": "2002-06-10 15:56:10",
    "fiscalYear": "2003",
    "period": "Q1",
    "revenue": 52126000000,
    "costOfRevenue": 43059000000,
    "grossProfit": 12295000000,
    "researchAndDevelopmentExpenses": 0,
    "generalAndAdministrativeExpenses": 0,
    "sellingAndMarketingExpenses": 0,
    "sellingGeneralAndAdministrativeExpenses": 9454000000,
    "otherExpenses": 0,
    "operatingExpenses": 9454000000,
    "costAndExpenses": 52512000000,
    "netInterestIncome": -252000000,
    "interestIncome": 29000000,
    "interestExpense": 281000000,
    "depreciationAndAmortization": 788000000,
    "ebitda": 3599000000,
    "ebit": 2825000000,
    "nonOperatingIncomeExcludingInterest": -36000000,
    "operatingIncome": 2789000000,
    "totalOtherIncomeExpensesNet": -256000000,
    "incomeBeforeTax": 2537000000,
    "incomeTaxExpense": 900000000,
    "netIncomeFromContinuingOperations": 1637000000,
    "netIncomeFromDiscontinuedOperations": 35000000,
    "otherAdjustmentsToNetIncome": 0,
    "netIncome": 1631000000,
    "netIncomeDeductions": 0,
    "bottomLineNetIncome": 1631000000,
    "eps": 0.12,
    "epsDiluted": 0.12,
    "weightedAverageShsOut": 13356000000,
    "weightedAverageShsOutDil": 13404000000
  },
  {
    "date": "2002-01-31",
    "symbol": "WMT",
    "reportedCurrency": "USD",
    "cik": "0000104169",
    "filingDate": "2002-04-15",
    "acceptedDate": "2002-04-15 00:00:00",
    "fiscalYear": "2002",
    "period": "Q4",
    "revenue": 64765000000,
    "costOfRevenue": 50912000000,
    "grossProfit": 13853000000,
    "researchAndDevelopmentExpenses": 0,
    "generalAndAdministrativeExpenses": 0,
    "sellingAndMarketingExpenses": 0,
    "sellingGeneralAndAdministrativeExpenses": 10024000000,
    "otherExpenses": 0,
    "operatingExpenses": 10024000000,
    "costAndExpenses": 60936000000,
    "netInterestIncome": -300000000,
    "interestIncome": 0,
    "interestExpense": 300000000,
    "depreciationAndAmortization": 1002000000,
    "ebitda": 4831000000,
    "ebit": 3829000000,
    "nonOperatingIncomeExcludingInterest": 1459000000,
    "operatingIncome": 5288000000,
    "totalOtherIncomeExpensesNet": -1759000000,
    "incomeBeforeTax": 3529000000,
    "incomeTaxExpense": 1261000000,
    "netIncomeFromContinuingOperations": 2268000000,
    "netIncomeFromDiscontinuedOperations": 0,
    "otherAdjustmentsToNetIncome": 0,
    "netIncome": 2189000000,
    "netIncomeDeductions": 0,
    "bottomLineNetIncome": 2189000000,
    "eps": 0.16,
    "epsDiluted": 0.16,
    "weightedAverageShsOut": 13356000000,
    "weightedAverageShsOutDil": 13404000000
  },
  {
    "date": "2001-10-31",
    "symbol": "WMT",
    "reportedCurrency": "USD",
    "cik": "0000104169",
    "filingDate": "2001-11-29",
    "acceptedDate": "2001-11-29 00:00:00",
    "fiscalYear": "2002",
    "period": "Q3",
    "revenue": 53186000000,
    "costOfRevenue": 41388000000,
    "grossProfit": 11350000000,
    "researchAndDevelopmentExpenses": 0,
    "generalAndAdministrativeExpenses": 0,
    "sellingAndMarketingExpenses": 0,
    "sellingGeneralAndAdministrativeExpenses": 9114000000,
    "otherExpenses": 0,
    "operatingExpenses": 9114000000,
    "costAndExpenses": 50502000000,
    "netInterestIncome": -295000000,
    "interestIncome": 27000000,
    "interestExpense": 322000000,
    "depreciationAndAmortization": 807000000,
    "ebitda": 3527000000,
    "ebit": 2720000000,
    "nonOperatingIncomeExcludingInterest": -35000000,
    "operatingIncome": 2685000000,
    "totalOtherIncomeExpensesNet": -295000000,
    "incomeBeforeTax": 2390000000,
    "incomeTaxExpense": 872000000,
    "netIncomeFromContinuingOperations": 1518000000,
    "netIncomeFromDiscontinuedOperations": 0,
    "otherAdjustmentsToNetIncome": 0,
    "netIncome": 1481000000,
    "netIncomeDeductions": 0,
    "bottomLineNetIncome": 1481000000,
    "eps": 0.11,
    "epsDiluted": 0.11,
    "weightedAverageShsOut": 13398000000,
    "weightedAverageShsOutDil": 13443000000
  },
  {
    "date": "2001-07-31",
    "symbol": "WMT",
    "reportedCurrency": "USD",
    "cik": "0000104169",
    "filingDate": "2001-09-04",
    "acceptedDate": "2001-09-04 00:00:00",
    "fiscalYear": "2002",
    "period": "Q2",
    "revenue": 53269000000,
    "costOfRevenue": 41412000000,
    "grossProfit": 11387000000,
    "researchAndDevelopmentExpenses": 0,
    "generalAndAdministrativeExpenses": 0,
    "sellingAndMarketingExpenses": 0,
    "sellingGeneralAndAdministrativeExpenses": 8893000000,
    "otherExpenses": 0,
    "operatingExpenses": 8893000000,
    "costAndExpenses": 50305000000,
    "netInterestIncome": -351000000,
    "interestIncome": 0,
    "interestExpense": 351000000,
    "depreciationAndAmortization": 730000000,
    "ebitda": 3694000000,
    "ebit": 2964000000,
    "nonOperatingIncomeExcludingInterest": -470000000,
    "operatingIncome": 2494000000,
    "totalOtherIncomeExpensesNet": 119000000,
    "incomeBeforeTax": 2613000000,
    "incomeTaxExpense": 954000000,
    "netIncomeFromContinuingOperations": 1659000000,
    "netIncomeFromDiscontinuedOperations": 0,
    "otherAdjustmentsToNetIncome": 0,
    "netIncome": 1622000000,
    "netIncomeDeductions": 0,
    "bottomLineNetIncome": 1622000000,
    "eps": 0.12,
    "epsDiluted": 0.12,
    "weightedAverageShsOut": 13410000000,
    "weightedAverageShsOutDil": 13458000000
  },
  {
    "date": "2001-04-30",
    "symbol": "WMT",
    "reportedCurrency": "USD",
    "cik": "0000104169",
    "filingDate": "2001-06-05",
    "acceptedDate": "2001-06-05 00:00:00",
    "fiscalYear": "2002",
    "period": "Q1",
    "revenue": 48565000000,
    "costOfRevenue": 37850000000,
    "grossProfit": 10202000000,
    "researchAndDevelopmentExpenses": 0,
    "generalAndAdministrativeExpenses": 0,
    "sellingAndMarketingExpenses": 0,
    "sellingGeneralAndAdministrativeExpenses": 8143000000,
    "otherExpenses": 0,
    "operatingExpenses": 8143000000,
    "costAndExpenses": 45993000000,
    "netInterestIncome": -352000000,
    "interestIncome": 0,
    "interestExpense": 352000000,
    "depreciationAndAmortization": 751000000,
    "ebitda": 3323000000,
    "ebit": 2572000000,
    "nonOperatingIncomeExcludingInterest": -513000000,
    "operatingIncome": 2059000000,
    "totalOtherIncomeExpensesNet": 161000000,
    "incomeBeforeTax": 2220000000,
    "incomeTaxExpense": 810000000,
    "netIncomeFromContinuingOperations": 1410000000,
    "netIncomeFromDiscontinuedOperations": 0,
    "otherAdjustmentsToNetIncome": 0,
    "netIncome": 1380000000,
    "netIncomeDeductions": 0,
    "bottomLineNetIncome": 1380000000,
    "eps": 0.1,
    "epsDiluted": 0.1,
    "weightedAverageShsOut": 13413000000,
    "weightedAverageShsOutDil": 13461000000
  },
  {
    "date": "2001-01-31",
    "symbol": "WMT",
    "reportedCurrency": "USD",
    "cik": "0000104169",
    "filingDate": "2001-04-10",
    "acceptedDate": "2001-04-10 00:00:00",
    "fiscalYear": "2001",
    "period": "Q4",
    "revenue": 57079000000,
    "costOfRevenue": 44852000000,
    "grossProfit": 12227000000,
    "researchAndDevelopmentExpenses": 0,
    "generalAndAdministrativeExpenses": 0,
    "sellingAndMarketingExpenses": 0,
    "sellingGeneralAndAdministrativeExpenses": 8688000000,
    "otherExpenses": 0,
    "operatingExpenses": 8688000000,
    "costAndExpenses": 53540000000,
    "netInterestIncome": -326000000,
    "interestIncome": 0,
    "interestExpense": 326000000,
    "depreciationAndAmortization": 854000000,
    "ebitda": 4393000000,
    "ebit": 3539000000,
    "nonOperatingIncomeExcludingInterest": -523000000,
    "operatingIncome": 3016000000,
    "totalOtherIncomeExpensesNet": 197000000,
    "incomeBeforeTax": 3213000000,
    "incomeTaxExpense": 1152000000,
    "netIncomeFromContinuingOperations": 2061000000,
    "netIncomeFromDiscontinuedOperations": 0,
    "otherAdjustmentsToNetIncome": 0,
    "netIncome": 2004000000,
    "netIncomeDeductions": 0,
    "bottomLineNetIncome": 2004000000,
    "eps": 0.15,
    "epsDiluted": 0.15,
    "weightedAverageShsOut": 13413000000,
    "weightedAverageShsOutDil": 13461000000
  },
  {
    "date": "2000-10-31",
    "symbol": "WMT",
    "reportedCurrency": "USD",
    "cik": "0000104169",
    "filingDate": "2000-11-30",
    "acceptedDate": "2000-11-30 00:00:00",
    "fiscalYear": "2001",
    "period": "Q3",
    "revenue": 45676000000,
    "costOfRevenue": 35694000000,
    "grossProfit": 10487000000,
    "researchAndDevelopmentExpenses": 0,
    "generalAndAdministrativeExpenses": 0,
    "sellingAndMarketingExpenses": 0,
    "sellingGeneralAndAdministrativeExpenses": 7918000000,
    "otherExpenses": 0,
    "operatingExpenses": 8423000000,
    "costAndExpenses": 44117000000,
    "netInterestIncome": -375000000,
    "interestIncome": 0,
    "interestExpense": 375000000,
    "depreciationAndAmortization": 683000000,
    "ebitda": 3252000000,
    "ebit": 2569000000,
    "nonOperatingIncomeExcludingInterest": -505000000,
    "operatingIncome": 2064000000,
    "totalOtherIncomeExpensesNet": 130000000,
    "incomeBeforeTax": 2194000000,
    "incomeTaxExpense": 807000000,
    "netIncomeFromContinuingOperations": 1387000000,
    "netIncomeFromDiscontinuedOperations": 0,
    "otherAdjustmentsToNetIncome": 0,
    "netIncome": 1369000000,
    "netIncomeDeductions": 0,
    "bottomLineNetIncome": 1369000000,
    "eps": 0.1,
    "epsDiluted": 0.1,
    "weightedAverageShsOut": 13404000000,
    "weightedAverageShsOutDil": 13461000000
  },
  {
    "date": "2000-07-31",
    "symbol": "WMT",
    "reportedCurrency": "USD",
    "cik": "0000104169",
    "filingDate": "2000-08-25",
    "acceptedDate": "2000-08-25 00:00:00",
    "fiscalYear": "2001",
    "period": "Q2",
    "revenue": 46112000000,
    "costOfRevenue": 36044000000,
    "grossProfit": 10544000000,
    "researchAndDevelopmentExpenses": 0,
    "generalAndAdministrativeExpenses": 0,
    "sellingAndMarketingExpenses": 0,
    "sellingGeneralAndAdministrativeExpenses": 7625000000,
    "otherExpenses": 0,
    "operatingExpenses": 8101000000,
    "costAndExpenses": 44145000000,
    "netInterestIncome": -344000000,
    "interestIncome": 0,
    "interestExpense": 344000000,
    "depreciationAndAmortization": 675000000,
    "ebitda": 3594000000,
    "ebit": 2919000000,
    "nonOperatingIncomeExcludingInterest": -476000000,
    "operatingIncome": 2443000000,
    "totalOtherIncomeExpensesNet": 132000000,
    "incomeBeforeTax": 2575000000,
    "incomeTaxExpense": 948000000,
    "netIncomeFromContinuingOperations": 1627000000,
    "netIncomeFromDiscontinuedOperations": 0,
    "otherAdjustmentsToNetIncome": 0,
    "netIncome": 1596000000,
    "netIncomeDeductions": 0,
    "bottomLineNetIncome": 1596000000,
    "eps": 0.12,
    "epsDiluted": 0.12,
    "weightedAverageShsOut": 13395000000,
    "weightedAverageShsOutDil": 13461000000
  },
  {
    "date": "2000-04-30",
    "symbol": "WMT",
    "reportedCurrency": "USD",
    "cik": "0000104169",
    "filingDate": "2000-06-08",
    "acceptedDate": "2000-06-08 00:00:00",
    "fiscalYear": "2001",
    "period": "Q1",
    "revenue": 43447000000,
    "costOfRevenue": 33665000000,
    "grossProfit": 9782000000,
    "researchAndDevelopmentExpenses": 0,
    "generalAndAdministrativeExpenses": 0,
    "sellingAndMarketingExpenses": 0,
    "sellingGeneralAndAdministrativeExpenses": 7318000000,
    "otherExpenses": 0,
    "operatingExpenses": 5888000000,
    "costAndExpenses": 40003000000,
    "netInterestIncome": -330000000,
    "interestIncome": 0,
    "interestExpense": 330000000,
    "depreciationAndAmortization": 656000000,
    "ebitda": 3120000000,
    "ebit": 2464000000,
    "nonOperatingIncomeExcludingInterest": -462000000,
    "operatingIncome": 2002000000,
    "totalOtherIncomeExpensesNet": 132000000,
    "incomeBeforeTax": 2134000000,
    "incomeTaxExpense": 785000000,
    "netIncomeFromContinuingOperations": 1349000000,
    "netIncomeFromDiscontinuedOperations": 0,
    "otherAdjustmentsToNetIncome": 0,
    "netIncome": 1326000000,
    "netIncomeDeductions": 0,
    "bottomLineNetIncome": 1326000000,
    "eps": 0.099,
    "epsDiluted": 0.099,
    "weightedAverageShsOut": 13371000000,
    "weightedAverageShsOutDil": 13434000000
  },
  {
    "date": "2000-01-31",
    "symbol": "WMT",
    "reportedCurrency": "USD",
    "cik": "0000104169",
    "filingDate": "2000-04-17",
    "acceptedDate": "2000-04-17 00:00:00",
    "fiscalYear": "2000",
    "period": "Q4",
    "revenue": 51869000000,
    "costOfRevenue": 40694000000,
    "grossProfit": 11175000000,
    "researchAndDevelopmentExpenses": 0,
    "generalAndAdministrativeExpenses": 0,
    "sellingAndMarketingExpenses": 0,
    "sellingGeneralAndAdministrativeExpenses": 7672000000,
    "otherExpenses": 0,
    "operatingExpenses": 8147000000,
    "costAndExpenses": 48841000000,
    "netInterestIncome": -323000000,
    "interestIncome": 0,
    "interestExpense": 323000000,
    "depreciationAndAmortization": 763000000,
    "ebitda": 4266000000,
    "ebit": 3503000000,
    "nonOperatingIncomeExcludingInterest": -475000000,
    "operatingIncome": 3028000000,
    "totalOtherIncomeExpensesNet": 152000000,
    "incomeBeforeTax": 3180000000,
    "incomeTaxExpense": 1178000000,
    "netIncomeFromContinuingOperations": 2002000000,
    "netIncomeFromDiscontinuedOperations": 0,
    "otherAdjustmentsToNetIncome": 0,
    "netIncome": 1917000000,
    "netIncomeDeductions": 0,
    "bottomLineNetIncome": 1719000000,
    "eps": 0.14,
    "epsDiluted": 0.14,
    "weightedAverageShsOut": 13371000000,
    "weightedAverageShsOutDil": 13434000000
  },
  {
    "date": "1999-10-31",
    "symbol": "WMT",
    "reportedCurrency": "USD",
    "cik": "0000104169",
    "filingDate": "1999-12-15",
    "acceptedDate": "1999-12-15 00:00:00",
    "fiscalYear": "2000",
    "period": "Q3",
    "revenue": 40907000000,
    "costOfRevenue": 31606000000,
    "grossProfit": 9301000000,
    "researchAndDevelopmentExpenses": 0,
    "generalAndAdministrativeExpenses": 0,
    "sellingAndMarketingExpenses": 0,
    "sellingGeneralAndAdministrativeExpenses": 6907000000,
    "otherExpenses": 0,
    "operatingExpenses": 7373000000,
    "costAndExpenses": 38979000000,
    "netInterestIncome": -317000000,
    "interestIncome": 0,
    "interestExpense": 317000000,
    "depreciationAndAmortization": 556000000,
    "ebitda": 2941000000,
    "ebit": 2385000000,
    "nonOperatingIncomeExcludingInterest": -466000000,
    "operatingIncome": 1919000000,
    "totalOtherIncomeExpensesNet": 149000000,
    "incomeBeforeTax": 2068000000,
    "incomeTaxExpense": 757000000,
    "netIncomeFromContinuingOperations": 1311000000,
    "netIncomeFromDiscontinuedOperations": 0,
    "otherAdjustmentsToNetIncome": 0,
    "netIncome": 1299000000,
    "netIncomeDeductions": 0,
    "bottomLineNetIncome": 1294000000,
    "eps": 0.097,
    "epsDiluted": 0.097,
    "weightedAverageShsOut": 13362000000,
    "weightedAverageShsOutDil": 13425000000
  },
  {
    "date": "1999-07-31",
    "symbol": "WMT",
    "reportedCurrency": "USD",
    "cik": "0000104169",
    "filingDate": "1999-09-10",
    "acceptedDate": "1999-09-10 00:00:00",
    "fiscalYear": "2000",
    "period": "Q2",
    "revenue": 38910000000,
    "costOfRevenue": 30123000000,
    "grossProfit": 8787000000,
    "researchAndDevelopmentExpenses": 0,
    "generalAndAdministrativeExpenses": 0,
    "sellingAndMarketingExpenses": 0,
    "sellingGeneralAndAdministrativeExpenses": 6573000000,
    "otherExpenses": 0,
    "operatingExpenses": 6573000000,
    "costAndExpenses": 36696000000,
    "netInterestIncome": -191000000,
    "interestIncome": 0,
    "interestExpense": 191000000,
    "depreciationAndAmortization": 526000000,
    "ebitda": 2743000000,
    "ebit": 2217000000,
    "nonOperatingIncomeExcludingInterest": -443000000,
    "operatingIncome": 1774000000,
    "totalOtherIncomeExpensesNet": 252000000,
    "incomeBeforeTax": 2026000000,
    "incomeTaxExpense": 740000000,
    "netIncomeFromContinuingOperations": 1285000000,
    "netIncomeFromDiscontinuedOperations": 0,
    "otherAdjustmentsToNetIncome": 0,
    "netIncome": 1249000000,
    "netIncomeDeductions": 0,
    "bottomLineNetIncome": 1251000000,
    "eps": 0.094,
    "epsDiluted": 0.093,
    "weightedAverageShsOut": 13350000000,
    "weightedAverageShsOutDil": 13419000000
  },
  {
    "date": "1999-04-30",
    "symbol": "WMT",
    "reportedCurrency": "USD",
    "cik": "0000104169",
    "filingDate": "1999-06-07",
    "acceptedDate": "1999-06-07 00:00:00",
    "fiscalYear": "2000",
    "period": "Q1",
    "revenue": 35123000000,
    "costOfRevenue": 27241000000,
    "grossProfit": 7882000000,
    "researchAndDevelopmentExpenses": 0,
    "generalAndAdministrativeExpenses": 0,
    "sellingAndMarketingExpenses": 0,
    "sellingGeneralAndAdministrativeExpenses": 5888000000,
    "otherExpenses": 0,
    "operatingExpenses": 6300000000,
    "costAndExpenses": 33541000000,
    "netInterestIncome": -191000000,
    "interestIncome": 0,
    "interestExpense": 191000000,
    "depreciationAndAmortization": 530000000,
    "ebitda": 2530000000,
    "ebit": 2000000000,
    "nonOperatingIncomeExcludingInterest": -412000000,
    "operatingIncome": 1588000000,
    "totalOtherIncomeExpensesNet": 221000000,
    "incomeBeforeTax": 1809000000,
    "incomeTaxExpense": 662000000,
    "netIncomeFromContinuingOperations": 1147000000,
    "netIncomeFromDiscontinuedOperations": 0,
    "otherAdjustmentsToNetIncome": 0,
    "netIncome": 1110000000,
    "netIncomeDeductions": 0,
    "bottomLineNetIncome": 916000000,
    "eps": 0.069,
    "epsDiluted": 0.0667,
    "weightedAverageShsOut": 13347000000,
    "weightedAverageShsOutDil": 13416000000
  },
  {
    "date": "1999-01-31",
    "symbol": "WMT",
    "reportedCurrency": "USD",
    "cik": "0000104169",
    "filingDate": "1999-04-19",
    "acceptedDate": "1999-04-19 00:00:00",
    "fiscalYear": "1999",
    "period": "Q4",
    "revenue": 41247000000,
    "costOfRevenue": 32397000000,
    "grossProfit": 8850000000,
    "researchAndDevelopmentExpenses": 0,
    "generalAndAdministrativeExpenses": 0,
    "sellingAndMarketingExpenses": 0,
    "sellingGeneralAndAdministrativeExpenses": 6022000000,
    "otherExpenses": 0,
    "operatingExpenses": 6484000000,
    "costAndExpenses": 38881000000,
    "netInterestIncome": -216000000,
    "interestIncome": 0,
    "interestExpense": 216000000,
    "depreciationAndAmortization": 472000000,
    "ebitda": 3300000000,
    "ebit": 2828000000,
    "nonOperatingIncomeExcludingInterest": -462000000,
    "operatingIncome": 2366000000,
    "totalOtherIncomeExpensesNet": 246000000,
    "incomeBeforeTax": 2612000000,
    "incomeTaxExpense": 997000000,
    "netIncomeFromContinuingOperations": 1615000000,
    "netIncomeFromDiscontinuedOperations": 0,
    "otherAdjustmentsToNetIncome": 0,
    "netIncome": 1559000000,
    "netIncomeDeductions": 0,
    "bottomLineNetIncome": 1559000000,
    "eps": 0.12,
    "epsDiluted": 0.12,
    "weightedAverageShsOut": 13347000000,
    "weightedAverageShsOutDil": 13416000000
  },
  {
    "date": "1998-10-31",
    "symbol": "WMT",
    "reportedCurrency": "USD",
    "cik": "0000104169",
    "filingDate": "1998-12-14",
    "acceptedDate": "1998-12-14 00:00:00",
    "fiscalYear": "1999",
    "period": "Q3",
    "revenue": 33924000000,
    "costOfRevenue": 26380000000,
    "grossProfit": 7544000000,
    "researchAndDevelopmentExpenses": 0,
    "generalAndAdministrativeExpenses": 0,
    "sellingAndMarketingExpenses": 0,
    "sellingGeneralAndAdministrativeExpenses": 5691000000,
    "otherExpenses": 0,
    "operatingExpenses": 6106000000,
    "costAndExpenses": 32486000000,
    "netInterestIncome": -202000000,
    "interestIncome": 0,
    "interestExpense": 202000000,
    "depreciationAndAmortization": 515000000,
    "ebitda": 2368000000,
    "ebit": 1853000000,
    "nonOperatingIncomeExcludingInterest": -415000000,
    "operatingIncome": 1438000000,
    "totalOtherIncomeExpensesNet": 213000000,
    "incomeBeforeTax": 1651000000,
    "incomeTaxExpense": 611000000,
    "netIncomeFromContinuingOperations": 1040000000,
    "netIncomeFromDiscontinuedOperations": 0,
    "otherAdjustmentsToNetIncome": 0,
    "netIncome": 1009000000,
    "netIncomeDeductions": 0,
    "bottomLineNetIncome": 1009000000,
    "eps": 0.075,
    "epsDiluted": 0.075,
    "weightedAverageShsOut": 13389000000,
    "weightedAverageShsOutDil": 13479000000
  },
  {
    "date": "1998-07-31",
    "symbol": "WMT",
    "reportedCurrency": "USD",
    "cik": "0000104169",
    "filingDate": "1998-09-14",
    "acceptedDate": "1998-09-14 00:00:00",
    "fiscalYear": "1999",
    "period": "Q2",
    "revenue": 33880000000,
    "costOfRevenue": 26422000000,
    "grossProfit": 7458000000,
    "researchAndDevelopmentExpenses": 0,
    "generalAndAdministrativeExpenses": 0,
    "sellingAndMarketingExpenses": 0,
    "sellingGeneralAndAdministrativeExpenses": 5577000000,
    "otherExpenses": 0,
    "operatingExpenses": 5936000000,
    "costAndExpenses": 32358000000,
    "netInterestIncome": -185000000,
    "interestIncome": 0,
    "interestExpense": 185000000,
    "depreciationAndAmortization": 444000000,
    "ebitda": 2325000000,
    "ebit": 1881000000,
    "nonOperatingIncomeExcludingInterest": -359000000,
    "operatingIncome": 1522000000,
    "totalOtherIncomeExpensesNet": 174000000,
    "incomeBeforeTax": 1696000000,
    "incomeTaxExpense": 627000000,
    "netIncomeFromContinuingOperations": 1069000000,
    "netIncomeFromDiscontinuedOperations": 0,
    "otherAdjustmentsToNetIncome": 0,
    "netIncome": 1034000000,
    "netIncomeDeductions": 0,
    "bottomLineNetIncome": 1034000000,
    "eps": 0.077,
    "epsDiluted": 0.077,
    "weightedAverageShsOut": 13416000000,
    "weightedAverageShsOutDil": 13515000000
  },
  {
    "date": "1998-04-30",
    "symbol": "WMT",
    "reportedCurrency": "USD",
    "cik": "0000104169",
    "filingDate": "1998-06-15",
    "acceptedDate": "1998-06-15 00:00:00",
    "fiscalYear": "1999",
    "period": "Q1",
    "revenue": 30157000000,
    "costOfRevenue": 23526000000,
    "grossProfit": 6631000000,
    "researchAndDevelopmentExpenses": 0,
    "generalAndAdministrativeExpenses": 0,
    "sellingAndMarketingExpenses": 0,
    "sellingGeneralAndAdministrativeExpenses": 5073000000,
    "otherExpenses": 0,
    "operatingExpenses": 5411000000,
    "costAndExpenses": 28937000000,
    "netInterestIncome": -194000000,
    "interestIncome": 0,
    "interestExpense": 194000000,
    "depreciationAndAmortization": 441000000,
    "ebitda": 1999000000,
    "ebit": 1558000000,
    "nonOperatingIncomeExcludingInterest": -338000000,
    "operatingIncome": 1220000000,
    "totalOtherIncomeExpensesNet": 144000000,
    "incomeBeforeTax": 1364000000,
    "incomeTaxExpense": 505000000,
    "netIncomeFromContinuingOperations": 859000000,
    "netIncomeFromDiscontinuedOperations": 0,
    "otherAdjustmentsToNetIncome": 0,
    "netIncome": 828000000,
    "netIncomeDeductions": 0,
    "bottomLineNetIncome": 828000000,
    "eps": 0.062,
    "epsDiluted": 0.061,
    "weightedAverageShsOut": 13446000000,
    "weightedAverageShsOutDil": 13530000000
  },
  {
    "date": "1998-01-31",
    "symbol": "WMT",
    "reportedCurrency": "USD",
    "cik": "0000104169",
    "filingDate": "1998-04-23",
    "acceptedDate": "1998-04-23 00:00:00",
    "fiscalYear": "1998",
    "period": "Q4",
    "revenue": 35773000000,
    "costOfRevenue": 28153000000,
    "grossProfit": 7620000000,
    "researchAndDevelopmentExpenses": 0,
    "generalAndAdministrativeExpenses": 0,
    "sellingAndMarketingExpenses": 0,
    "sellingGeneralAndAdministrativeExpenses": 5300000000,
    "otherExpenses": 0,
    "operatingExpenses": 5687000000,
    "costAndExpenses": 33840000000,
    "netInterestIncome": -205000000,
    "interestIncome": 0,
    "interestExpense": 205000000,
    "depreciationAndAmortization": 456000000,
    "ebitda": 2776000000,
    "ebit": 2320000000,
    "nonOperatingIncomeExcludingInterest": -387000000,
    "operatingIncome": 1933000000,
    "totalOtherIncomeExpensesNet": 182000000,
    "incomeBeforeTax": 2115000000,
    "incomeTaxExpense": 782000000,
    "netIncomeFromContinuingOperations": 1333000000,
    "netIncomeFromDiscontinuedOperations": 0,
    "otherAdjustmentsToNetIncome": 0,
    "netIncome": 1287000000,
    "netIncomeDeductions": 0,
    "bottomLineNetIncome": 1287000000,
    "eps": 0.096,
    "epsDiluted": 0.095,
    "weightedAverageShsOut": 13446000000,
    "weightedAverageShsOutDil": 13530000000
  },
  {
    "date": "1997-10-31",
    "symbol": "WMT",
    "reportedCurrency": "USD",
    "cik": "0000104169",
    "filingDate": "1997-12-10",
    "acceptedDate": "1997-12-10 00:00:00",
    "fiscalYear": "1998",
    "period": "Q3",
    "revenue": 29118000000,
    "costOfRevenue": 22680000000,
    "grossProfit": 6438000000,
    "researchAndDevelopmentExpenses": 0,
    "generalAndAdministrativeExpenses": 0,
    "sellingAndMarketingExpenses": 0,
    "sellingGeneralAndAdministrativeExpenses": 4958000000,
    "otherExpenses": 0,
    "operatingExpenses": 5308000000,
    "costAndExpenses": 27988000000,
    "netInterestIncome": -198000000,
    "interestIncome": 0,
    "interestExpense": 198000000,
    "depreciationAndAmortization": 408000000,
    "ebitda": 1897000000,
    "ebit": 1489000000,
    "nonOperatingIncomeExcludingInterest": -350000000,
    "operatingIncome": 1139000000,
    "totalOtherIncomeExpensesNet": 143000000,
    "incomeBeforeTax": 1291000000,
    "incomeTaxExpense": 474000000,
    "netIncomeFromContinuingOperations": 808000000,
    "netIncomeFromDiscontinuedOperations": 0,
    "otherAdjustmentsToNetIncome": 0,
    "netIncome": 792000000,
    "netIncomeDeductions": 0,
    "bottomLineNetIncome": 792000000,
    "eps": 0.0583,
    "epsDiluted": 0.0583,
    "weightedAverageShsOut": 13518000000,
    "weightedAverageShsOutDil": 13578000000
  },
  {
    "date": "1997-07-31",
    "symbol": "WMT",
    "reportedCurrency": "USD",
    "cik": "0000104169",
    "filingDate": "1997-09-09",
    "acceptedDate": "1997-09-09 00:00:00",
    "fiscalYear": "1998",
    "period": "Q2",
    "revenue": 28699000000,
    "costOfRevenue": 22478000000,
    "grossProfit": 6221000000,
    "researchAndDevelopmentExpenses": 0,
    "generalAndAdministrativeExpenses": 0,
    "sellingAndMarketingExpenses": 0,
    "sellingGeneralAndAdministrativeExpenses": 4767000000,
    "otherExpenses": 0,
    "operatingExpenses": 5085000000,
    "costAndExpenses": 27563000000,
    "netInterestIncome": -192000000,
    "interestIncome": 0,
    "interestExpense": 192000000,
    "depreciationAndAmortization": 404000000,
    "ebitda": 1863000000,
    "ebit": 1459000000,
    "nonOperatingIncomeExcludingInterest": -318000000,
    "operatingIncome": 1141000000,
    "totalOtherIncomeExpensesNet": 126000000,
    "incomeBeforeTax": 1262000000,
    "incomeTaxExpense": 467000000,
    "netIncomeFromContinuingOperations": 800000000,
    "netIncomeFromDiscontinuedOperations": 0,
    "otherAdjustmentsToNetIncome": 0,
    "netIncome": 795000000,
    "netIncomeDeductions": 0,
    "bottomLineNetIncome": 795000000,
    "eps": 0.0583,
    "epsDiluted": 0.0583,
    "weightedAverageShsOut": 13560000000,
    "weightedAverageShsOutDil": 13614000000
  },
  {
    "date": "1997-04-30",
    "symbol": "WMT",
    "reportedCurrency": "USD",
    "cik": "0000104169",
    "filingDate": "1997-06-10",
    "acceptedDate": "1997-06-10 00:00:00",
    "fiscalYear": "1998",
    "period": "Q1",
    "revenue": 25684000000,
    "costOfRevenue": 20127000000,
    "grossProfit": 5557000000,
    "researchAndDevelopmentExpenses": 0,
    "generalAndAdministrativeExpenses": 0,
    "sellingAndMarketingExpenses": 0,
    "sellingGeneralAndAdministrativeExpenses": 4333000000,
    "otherExpenses": 0,
    "operatingExpenses": 4619000000,
    "costAndExpenses": 24746000000,
    "netInterestIncome": -189000000,
    "interestIncome": 0,
    "interestExpense": 189000000,
    "depreciationAndAmortization": 366000000,
    "ebitda": 1601000000,
    "ebit": 1235000000,
    "nonOperatingIncomeExcludingInterest": -286000000,
    "operatingIncome": 949000000,
    "totalOtherIncomeExpensesNet": 97000000,
    "incomeBeforeTax": 1046000000,
    "incomeTaxExpense": 383000000,
    "netIncomeFromContinuingOperations": 663000000,
    "netIncomeFromDiscontinuedOperations": 0,
    "otherAdjustmentsToNetIncome": 0,
    "netIncome": 652000000,
    "netIncomeDeductions": 0,
    "bottomLineNetIncome": 652000000,
    "eps": 0.048,
    "epsDiluted": 0.048,
    "weightedAverageShsOut": 13656000000,
    "weightedAverageShsOutDil": 13686000000
  },
  {
    "date": "1997-01-31",
    "symbol": "WMT",
    "reportedCurrency": "USD",
    "cik": "0000104169",
    "filingDate": "1997-04-21",
    "acceptedDate": "1997-04-21 00:00:00",
    "fiscalYear": "1997",
    "period": "Q4",
    "revenue": 31223000000,
    "costOfRevenue": 24772000000,
    "grossProfit": 6451000000,
    "researchAndDevelopmentExpenses": 0,
    "generalAndAdministrativeExpenses": 0,
    "sellingAndMarketingExpenses": 0,
    "sellingGeneralAndAdministrativeExpenses": 4519000000,
    "otherExpenses": 0,
    "operatingExpenses": 4886000000,
    "costAndExpenses": 29658000000,
    "netInterestIncome": -195000000,
    "interestIncome": 0,
    "interestExpense": 195000000,
    "depreciationAndAmortization": 402000000,
    "ebitda": 2334000000,
    "ebit": 1932000000,
    "nonOperatingIncomeExcludingInterest": -367000000,
    "operatingIncome": 1565000000,
    "totalOtherIncomeExpensesNet": 172000000,
    "incomeBeforeTax": 1737000000,
    "incomeTaxExpense": 642000000,
    "netIncomeFromContinuingOperations": 1095000000,
    "netIncomeFromDiscontinuedOperations": 0,
    "otherAdjustmentsToNetIncome": 0,
    "netIncome": 1095000000,
    "netIncomeDeductions": 0,
    "bottomLineNetIncome": 1095000000,
    "eps": 0.08,
    "epsDiluted": 0.08,
    "weightedAverageShsOut": 13656000000,
    "weightedAverageShsOutDil": 13656000000
  },
  {
    "date": "1996-10-31",
    "symbol": "WMT",
    "reportedCurrency": "USD",
    "cik": "0000104169",
    "filingDate": "1996-12-12",
    "acceptedDate": "1996-12-12 00:00:00",
    "fiscalYear": "1997",
    "period": "Q3",
    "revenue": 26077000000,
    "costOfRevenue": 20450000000,
    "grossProfit": 5627000000,
    "researchAndDevelopmentExpenses": 0,
    "generalAndAdministrativeExpenses": 0,
    "sellingAndMarketingExpenses": 0,
    "sellingGeneralAndAdministrativeExpenses": 4329000000,
    "otherExpenses": 0,
    "operatingExpenses": 4797000000,
    "costAndExpenses": 25213000000,
    "netInterestIncome": -212000000,
    "interestIncome": 0,
    "interestExpense": 212000000,
    "depreciationAndAmortization": 354000000,
    "ebitda": 1651000000,
    "ebit": 1297000000,
    "nonOperatingIncomeExcludingInterest": -432000000,
    "operatingIncome": 865000000,
    "totalOtherIncomeExpensesNet": 220000000,
    "incomeBeforeTax": 1086000000,
    "incomeTaxExpense": 402000000,
    "netIncomeFromContinuingOperations": 683000000,
    "netIncomeFromDiscontinuedOperations": 0,
    "otherAdjustmentsToNetIncome": 0,
    "netIncome": 684000000,
    "netIncomeDeductions": 0,
    "bottomLineNetIncome": 684000000,
    "eps": 0.05,
    "epsDiluted": 0.05,
    "weightedAverageShsOut": 13764000000,
    "weightedAverageShsOutDil": 13764000000
  },
  {
    "date": "1996-07-31",
    "symbol": "WMT",
    "reportedCurrency": "USD",
    "cik": "0000104169",
    "filingDate": "1996-09-10",
    "acceptedDate": "1996-09-10 00:00:00",
    "fiscalYear": "1997",
    "period": "Q2",
    "revenue": 25844000000,
    "costOfRevenue": 20376000000,
    "grossProfit": 5468000000,
    "researchAndDevelopmentExpenses": 0,
    "generalAndAdministrativeExpenses": 0,
    "sellingAndMarketingExpenses": 0,
    "sellingGeneralAndAdministrativeExpenses": 4130000000,
    "otherExpenses": 0,
    "operatingExpenses": 4437000000,
    "costAndExpenses": 24773000000,
    "netInterestIncome": -218000000,
    "interestIncome": 0,
    "interestExpense": 218000000,
    "depreciationAndAmortization": 359000000,
    "ebitda": 1697000000,
    "ebit": 1338000000,
    "nonOperatingIncomeExcludingInterest": -257000000,
    "operatingIncome": 1081000000,
    "totalOtherIncomeExpensesNet": 39000000,
    "incomeBeforeTax": 1120000000,
    "incomeTaxExpense": 414000000,
    "netIncomeFromContinuingOperations": 706000000,
    "netIncomeFromDiscontinuedOperations": 0,
    "otherAdjustmentsToNetIncome": 0,
    "netIncome": 706000000,
    "netIncomeDeductions": 0,
    "bottomLineNetIncome": 706000000,
    "eps": 0.051,
    "epsDiluted": 0.051,
    "weightedAverageShsOut": 13764000000,
    "weightedAverageShsOutDil": 13764000000
  },
  {
    "date": "1996-04-30",
    "symbol": "WMT",
    "reportedCurrency": "USD",
    "cik": "0000104169",
    "filingDate": "1996-06-12",
    "acceptedDate": "1996-06-12 00:00:00",
    "fiscalYear": "1997",
    "period": "Q1",
    "revenue": 23001000000,
    "costOfRevenue": 18064000000,
    "grossProfit": 4937000000,
    "researchAndDevelopmentExpenses": 0,
    "generalAndAdministrativeExpenses": 0,
    "sellingAndMarketingExpenses": 0,
    "sellingGeneralAndAdministrativeExpenses": 3810000000,
    "otherExpenses": 0,
    "operatingExpenses": 4077000000,
    "costAndExpenses": 22109000000,
    "netInterestIncome": -220000000,
    "interestIncome": 0,
    "interestExpense": 220000000,
    "depreciationAndAmortization": 348000000,
    "ebitda": 1475000000,
    "ebit": 1127000000,
    "nonOperatingIncomeExcludingInterest": -229000000,
    "operatingIncome": 898000000,
    "totalOtherIncomeExpensesNet": 9000000,
    "incomeBeforeTax": 907000000,
    "incomeTaxExpense": 336000000,
    "netIncomeFromContinuingOperations": 571000000,
    "netIncomeFromDiscontinuedOperations": 0,
    "otherAdjustmentsToNetIncome": 0,
    "netIncome": 571000000,
    "netIncomeDeductions": 0,
    "bottomLineNetIncome": 571000000,
    "eps": 0.0417,
    "epsDiluted": 0.0417,
    "weightedAverageShsOut": 13758000000,
    "weightedAverageShsOutDil": 13758000000
  },
  {
    "date": "1996-01-31",
    "symbol": "WMT",
    "reportedCurrency": "USD",
    "cik": "0000104169",
    "filingDate": "1996-04-23",
    "acceptedDate": "1996-04-23 00:00:00",
    "fiscalYear": "1996",
    "period": "Q4",
    "revenue": 27909000000,
    "costOfRevenue": 22097000000,
    "grossProfit": 5812000000,
    "researchAndDevelopmentExpenses": 0,
    "generalAndAdministrativeExpenses": 0,
    "sellingAndMarketingExpenses": 0,
    "sellingGeneralAndAdministrativeExpenses": 4080000000,
    "otherExpenses": 0,
    "operatingExpenses": 4439000000,
    "costAndExpenses": 26536000000,
    "netInterestIncome": -245000000,
    "interestIncome": 0,
    "interestExpense": 245000000,
    "depreciationAndAmortization": 366000000,
    "ebitda": 2098000000,
    "ebit": 1732000000,
    "nonOperatingIncomeExcludingInterest": -359000000,
    "operatingIncome": 1373000000,
    "totalOtherIncomeExpensesNet": 114000000,
    "incomeBeforeTax": 1487000000,
    "incomeTaxExpense": 545000000,
    "netIncomeFromContinuingOperations": 942000000,
    "netIncomeFromDiscontinuedOperations": 0,
    "otherAdjustmentsToNetIncome": 0,
    "netIncome": 942000000,
    "netIncomeDeductions": 0,
    "bottomLineNetIncome": 942000000,
    "eps": 0.068,
    "epsDiluted": 0.068,
    "weightedAverageShsOut": 13758000000,
    "weightedAverageShsOutDil": 13758000000
  },
  {
    "date": "1995-10-31",
    "symbol": "WMT",
    "reportedCurrency": "USD",
    "cik": "0000104169",
    "filingDate": "1995-12-05",
    "acceptedDate": "1995-12-05 00:00:00",
    "fiscalYear": "1996",
    "period": "Q3",
    "revenue": 23181000000,
    "costOfRevenue": 18176000000,
    "grossProfit": 5005000000,
    "researchAndDevelopmentExpenses": 0,
    "generalAndAdministrativeExpenses": 0,
    "sellingAndMarketingExpenses": 0,
    "sellingGeneralAndAdministrativeExpenses": 3801000000,
    "otherExpenses": 0,
    "operatingExpenses": 4069000000,
    "costAndExpenses": 22245000000,
    "netInterestIncome": -231000000,
    "interestIncome": 0,
    "interestExpense": 231000000,
    "depreciationAndAmortization": 334000000,
    "ebitda": 1538000000,
    "ebit": 1204000000,
    "nonOperatingIncomeExcludingInterest": -268000000,
    "operatingIncome": 936000000,
    "totalOtherIncomeExpensesNet": 37000000,
    "incomeBeforeTax": 973000000,
    "incomeTaxExpense": 361000000,
    "netIncomeFromContinuingOperations": 612000000,
    "netIncomeFromDiscontinuedOperations": 0,
    "otherAdjustmentsToNetIncome": 0,
    "netIncome": 612000000,
    "netIncomeDeductions": 0,
    "bottomLineNetIncome": 612000000,
    "eps": 0.044,
    "epsDiluted": 0.044,
    "weightedAverageShsOut": 13776000000,
    "weightedAverageShsOutDil": 13776000000
  },
  {
    "date": "1995-07-31",
    "symbol": "WMT",
    "reportedCurrency": "USD",
    "cik": "0000104169",
    "filingDate": "1995-09-11",
    "acceptedDate": "1995-09-11 00:00:00",
    "fiscalYear": "1996",
    "period": "Q2",
    "revenue": 23007000000,
    "costOfRevenue": 18095000000,
    "grossProfit": 4912000000,
    "researchAndDevelopmentExpenses": 0,
    "generalAndAdministrativeExpenses": 0,
    "sellingAndMarketingExpenses": 0,
    "sellingGeneralAndAdministrativeExpenses": 3693000000,
    "otherExpenses": 0,
    "operatingExpenses": 3977000000,
    "costAndExpenses": 22072000000,
    "netInterestIncome": -212000000,
    "interestIncome": 0,
    "interestExpense": 212000000,
    "depreciationAndAmortization": 328000000,
    "ebitda": 1547000000,
    "ebit": 1219000000,
    "nonOperatingIncomeExcludingInterest": -284000000,
    "operatingIncome": 935000000,
    "totalOtherIncomeExpensesNet": 72000000,
    "incomeBeforeTax": 1007000000,
    "incomeTaxExpense": 374000000,
    "netIncomeFromContinuingOperations": 633000000,
    "netIncomeFromDiscontinuedOperations": 0,
    "otherAdjustmentsToNetIncome": 0,
    "netIncome": 633000000,
    "netIncomeDeductions": 0,
    "bottomLineNetIncome": 633000000,
    "eps": 0.046,
    "epsDiluted": 0.046,
    "weightedAverageShsOut": 13776000000,
    "weightedAverageShsOutDil": 13776000000
  },
  {
    "date": "1995-04-30",
    "symbol": "WMT",
    "reportedCurrency": "USD",
    "cik": "0000104169",
    "filingDate": "1995-06-09",
    "acceptedDate": "1995-06-09 00:00:00",
    "fiscalYear": "1996",
    "period": "Q1",
    "revenue": 20652000000,
    "costOfRevenue": 16196000000,
    "grossProfit": 4456000000,
    "researchAndDevelopmentExpenses": 0,
    "generalAndAdministrativeExpenses": 0,
    "sellingAndMarketingExpenses": 0,
    "sellingGeneralAndAdministrativeExpenses": 3377000000,
    "otherExpenses": 0,
    "operatingExpenses": 3589000000,
    "costAndExpenses": 19785000000,
    "netInterestIncome": -200000000,
    "interestIncome": 0,
    "interestExpense": 200000000,
    "depreciationAndAmortization": 276000000,
    "ebitda": 1355000000,
    "ebit": 1079000000,
    "nonOperatingIncomeExcludingInterest": -212000000,
    "operatingIncome": 867000000,
    "totalOtherIncomeExpensesNet": 12000000,
    "incomeBeforeTax": 879000000,
    "incomeTaxExpense": 326000000,
    "netIncomeFromContinuingOperations": 553000000,
    "netIncomeFromDiscontinuedOperations": 0,
    "otherAdjustmentsToNetIncome": 0,
    "netIncome": 553000000,
    "netIncomeDeductions": 0,
    "bottomLineNetIncome": 553000000,
    "eps": 0.04,
    "epsDiluted": 0.04,
    "weightedAverageShsOut": 13782000000,
    "weightedAverageShsOutDil": 13782000000
  },
  {
    "date": "1995-01-31",
    "symbol": "WMT",
    "reportedCurrency": "USD",
    "cik": "0000104169",
    "filingDate": "1995-04-27",
    "acceptedDate": "1995-04-27 00:00:00",
    "fiscalYear": "1995",
    "period": "Q4",
    "revenue": 25365800000,
    "costOfRevenue": 20117900000,
    "grossProfit": 5247900000,
    "researchAndDevelopmentExpenses": 0,
    "generalAndAdministrativeExpenses": 0,
    "sellingAndMarketingExpenses": 0,
    "sellingGeneralAndAdministrativeExpenses": 3502400000,
    "otherExpenses": -757200000,
    "operatingExpenses": 3663200000,
    "costAndExpenses": 23781200000,
    "netInterestIncome": 0,
    "interestIncome": 0,
    "interestExpense": 0,
    "depreciationAndAmortization": 312800000,
    "ebitda": 2815500000,
    "ebit": 2502700000,
    "nonOperatingIncomeExcludingInterest": -918000000,
    "operatingIncome": 1584700000,
    "totalOtherIncomeExpensesNet": 72600000,
    "incomeBeforeTax": 1657300000,
    "incomeTaxExpense": 627700000,
    "netIncomeFromContinuingOperations": 1029600000,
    "netIncomeFromDiscontinuedOperations": 0,
    "otherAdjustmentsToNetIncome": 0,
    "netIncome": 1029600000,
    "netIncomeDeductions": 0,
    "bottomLineNetIncome": 1029600000,
    "eps": 0.075,
    "epsDiluted": 0.075,
    "weightedAverageShsOut": 13782000000,
    "weightedAverageShsOutDil": 13782000000
  },
  {
    "date": "1994-10-31",
    "symbol": "WMT",
    "reportedCurrency": "USD",
    "cik": "0000104169",
    "filingDate": "1994-10-31",
    "acceptedDate": "1994-10-31 00:00:00",
    "fiscalYear": "1995",
    "period": "Q3",
    "revenue": 20417700000,
    "costOfRevenue": 15948500000,
    "grossProfit": 4469200000,
    "researchAndDevelopmentExpenses": 0,
    "generalAndAdministrativeExpenses": 0,
    "sellingAndMarketingExpenses": 0,
    "sellingGeneralAndAdministrativeExpenses": 3340300000,
    "otherExpenses": 252400000,
    "operatingExpenses": 3592700000,
    "costAndExpenses": 19541200000,
    "netInterestIncome": -184000000,
    "interestIncome": 0,
    "interestExpense": 184000000,
    "depreciationAndAmortization": 266200000,
    "ebitda": 1378000000,
    "ebit": 1112000000,
    "nonOperatingIncomeExcludingInterest": -235500000,
    "operatingIncome": 876500000,
    "totalOtherIncomeExpensesNet": 51200000,
    "incomeBeforeTax": 927500000,
    "incomeTaxExpense": 339400000,
    "netIncomeFromContinuingOperations": 588000000,
    "netIncomeFromDiscontinuedOperations": 0,
    "otherAdjustmentsToNetIncome": 0,
    "netIncome": 588100000,
    "netIncomeDeductions": 0,
    "bottomLineNetIncome": 588000000,
    "eps": 0.043,
    "epsDiluted": 0.042,
    "weightedAverageShsOut": 13794000000,
    "weightedAverageShsOutDil": 13869130434
  },
  {
    "date": "1994-07-31",
    "symbol": "WMT",
    "reportedCurrency": "USD",
    "cik": "0000104169",
    "filingDate": "1994-07-31",
    "acceptedDate": "1994-07-31 00:00:00",
    "fiscalYear": "1995",
    "period": "Q2",
    "revenue": 19942300000,
    "costOfRevenue": 15714800000,
    "grossProfit": 4227500000,
    "researchAndDevelopmentExpenses": 0,
    "generalAndAdministrativeExpenses": 0,
    "sellingAndMarketingExpenses": 0,
    "sellingGeneralAndAdministrativeExpenses": 3169300000,
    "otherExpenses": 245500000,
    "operatingExpenses": 3414800000,
    "costAndExpenses": 19129600000,
    "netInterestIncome": -175000000,
    "interestIncome": 0,
    "interestExpense": 175000000,
    "depreciationAndAmortization": 260200000,
    "ebitda": 1326000000,
    "ebit": 1066000000,
    "nonOperatingIncomeExcludingInterest": -253300000,
    "operatingIncome": 812700000,
    "totalOtherIncomeExpensesNet": 78300000,
    "incomeBeforeTax": 890900000,
    "incomeTaxExpense": 326100000,
    "netIncomeFromContinuingOperations": 565000000,
    "netIncomeFromDiscontinuedOperations": 0,
    "otherAdjustmentsToNetIncome": 0,
    "netIncome": 564800000,
    "netIncomeDeductions": 0,
    "bottomLineNetIncome": 565000000,
    "eps": 0.041,
    "epsDiluted": 0.041,
    "weightedAverageShsOut": 13794000000,
    "weightedAverageShsOutDil": 13794000000
  },
  {
    "date": "1994-04-30",
    "symbol": "WMT",
    "reportedCurrency": "USD",
    "cik": "0000104169",
    "filingDate": "1994-04-30",
    "acceptedDate": "1994-04-30 00:00:00",
    "fiscalYear": "1995",
    "period": "Q1",
    "revenue": 17686100000,
    "costOfRevenue": 13833200000,
    "grossProfit": 3852900000,
    "researchAndDevelopmentExpenses": 0,
    "generalAndAdministrativeExpenses": 0,
    "sellingAndMarketingExpenses": 0,
    "sellingGeneralAndAdministrativeExpenses": 2846000000,
    "otherExpenses": 230800000,
    "operatingExpenses": 3076800000,
    "costAndExpenses": 16910000000,
    "netInterestIncome": -157000000,
    "interestIncome": 0,
    "interestExpense": 157000000,
    "depreciationAndAmortization": 230800000,
    "ebitda": 1174000000,
    "ebit": 943000000,
    "nonOperatingIncomeExcludingInterest": -166900000,
    "operatingIncome": 776100000,
    "totalOtherIncomeExpensesNet": 9900000,
    "incomeBeforeTax": 786300000,
    "incomeTaxExpense": 287800000,
    "netIncomeFromContinuingOperations": 498000000,
    "netIncomeFromDiscontinuedOperations": 0,
    "otherAdjustmentsToNetIncome": 0,
    "netIncome": 498500000,
    "netIncomeDeductions": 0,
    "bottomLineNetIncome": 498000000,
    "eps": 0.036,
    "epsDiluted": 0.036,
    "weightedAverageShsOut": 13794000000,
    "weightedAverageShsOutDil": 13794000000
  },
  {
    "date": "1994-01-31",
    "symbol": "WMT",
    "reportedCurrency": "USD",
    "cik": "0000104169",
    "filingDate": "1994-01-31",
    "acceptedDate": "1994-01-31 00:00:00",
    "fiscalYear": "1994",
    "period": "Q4",
    "revenue": 20360600000,
    "costOfRevenue": 15902200000,
    "grossProfit": 4458400000,
    "researchAndDevelopmentExpenses": 0,
    "generalAndAdministrativeExpenses": 0,
    "sellingAndMarketingExpenses": 0,
    "sellingGeneralAndAdministrativeExpenses": 2848400000,
    "otherExpenses": 254000000,
    "operatingExpenses": 3102400000,
    "costAndExpenses": 19004600000,
    "netInterestIncome": 0,
    "interestIncome": 0,
    "interestExpense": 0,
    "depreciationAndAmortization": 254000000,
    "ebitda": 1610000000,
    "ebit": 1356000000,
    "nonOperatingIncomeExcludingInterest": 0,
    "operatingIncome": 1356000000,
    "totalOtherIncomeExpensesNet": 24900000,
    "incomeBeforeTax": 1380900000,
    "incomeTaxExpense": 512900000,
    "netIncomeFromContinuingOperations": 868000000,
    "netIncomeFromDiscontinuedOperations": 0,
    "otherAdjustmentsToNetIncome": 0,
    "netIncome": 868000000,
    "netIncomeDeductions": 0,
    "bottomLineNetIncome": 868000000,
    "eps": 0.064,
    "epsDiluted": 0.064,
    "weightedAverageShsOut": 13595454546,
    "weightedAverageShsOutDil": 13595454546
  },
  {
    "date": "1993-10-31",
    "symbol": "WMT",
    "reportedCurrency": "USD",
    "cik": "0000104169",
    "filingDate": "1993-10-31",
    "acceptedDate": "1993-10-31 00:00:00",
    "fiscalYear": "1994",
    "period": "Q3",
    "revenue": 16827000000,
    "costOfRevenue": 13109900000,
    "grossProfit": 3717100000,
    "researchAndDevelopmentExpenses": 0,
    "generalAndAdministrativeExpenses": 0,
    "sellingAndMarketingExpenses": 0,
    "sellingGeneralAndAdministrativeExpenses": 2719000000,
    "otherExpenses": 198300000,
    "operatingExpenses": 2917300000,
    "costAndExpenses": 16027200000,
    "netInterestIncome": 0,
    "interestIncome": 0,
    "interestExpense": 0,
    "depreciationAndAmortization": 212000000,
    "ebitda": 1011800000,
    "ebit": 799800000,
    "nonOperatingIncomeExcludingInterest": 0,
    "operatingIncome": 799800000,
    "totalOtherIncomeExpensesNet": 23600000,
    "incomeBeforeTax": 823400000,
    "incomeTaxExpense": 304700000,
    "netIncomeFromContinuingOperations": 518700000,
    "netIncomeFromDiscontinuedOperations": 0,
    "otherAdjustmentsToNetIncome": 0,
    "netIncome": 518700000,
    "netIncomeDeductions": 0,
    "bottomLineNetIncome": 518700000,
    "eps": 0.04,
    "epsDiluted": 0.04,
    "weightedAverageShsOut": 12967500000,
    "weightedAverageShsOutDil": 12967500000
  },
  {
    "date": "1993-07-31",
    "symbol": "WMT",
    "reportedCurrency": "USD",
    "cik": "0000104169",
    "filingDate": "1993-07-31",
    "acceptedDate": "1993-07-31 00:00:00",
    "fiscalYear": "1994",
    "period": "Q2",
    "revenue": 16236600000,
    "costOfRevenue": 12771400000,
    "grossProfit": 3465200000,
    "researchAndDevelopmentExpenses": 0,
    "generalAndAdministrativeExpenses": 0,
    "sellingAndMarketingExpenses": 0,
    "sellingGeneralAndAdministrativeExpenses": 2519600000,
    "otherExpenses": 191400000,
    "operatingExpenses": 2711000000,
    "costAndExpenses": 15482400000,
    "netInterestIncome": 0,
    "interestIncome": 0,
    "interestExpense": 0,
    "depreciationAndAmortization": 195600000,
    "ebitda": 949800000,
    "ebit": 754200000,
    "nonOperatingIncomeExcludingInterest": 0,
    "operatingIncome": 754200000,
    "totalOtherIncomeExpensesNet": 31700000,
    "incomeBeforeTax": 785900000,
    "incomeTaxExpense": 290000000,
    "netIncomeFromContinuingOperations": 495900000,
    "netIncomeFromDiscontinuedOperations": 0,
    "otherAdjustmentsToNetIncome": 0,
    "netIncome": 495900000,
    "netIncomeDeductions": 0,
    "bottomLineNetIncome": 495900000,
    "eps": 0.0367,
    "epsDiluted": 0.0367,
    "weightedAverageShsOut": 13524545454,
    "weightedAverageShsOutDil": 13524545454
  },
  {
    "date": "1993-04-30",
    "symbol": "WMT",
    "reportedCurrency": "USD",
    "cik": "0000104169",
    "filingDate": "1993-04-30",
    "acceptedDate": "1993-04-30 00:00:00",
    "fiscalYear": "1994",
    "period": "Q1",
    "revenue": 13920400000,
    "costOfRevenue": 10829600000,
    "grossProfit": 3090800000,
    "researchAndDevelopmentExpenses": 0,
    "generalAndAdministrativeExpenses": 0,
    "sellingAndMarketingExpenses": 0,
    "sellingGeneralAndAdministrativeExpenses": 2246200000,
    "otherExpenses": 187100000,
    "operatingExpenses": 2433300000,
    "costAndExpenses": 13262900000,
    "netInterestIncome": 0,
    "interestIncome": 0,
    "interestExpense": 0,
    "depreciationAndAmortization": 187100000,
    "ebitda": 844600000,
    "ebit": 657500000,
    "nonOperatingIncomeExcludingInterest": 0,
    "operatingIncome": 657500000,
    "totalOtherIncomeExpensesNet": 44000000,
    "incomeBeforeTax": 701500000,
    "incomeTaxExpense": 250800000,
    "netIncomeFromContinuingOperations": 450700000,
    "netIncomeFromDiscontinuedOperations": 0,
    "otherAdjustmentsToNetIncome": 0,
    "netIncome": 450700000,
    "netIncomeDeductions": 0,
    "bottomLineNetIncome": 450700000,
    "eps": 0.0333,
    "epsDiluted": 0.0333,
    "weightedAverageShsOut": 13521000000,
    "weightedAverageShsOutDil": 13521000000
  },
  {
    "date": "1993-01-31",
    "symbol": "WMT",
    "reportedCurrency": "USD",
    "cik": "0000104169",
    "filingDate": "1993-01-31",
    "acceptedDate": "1993-01-31 00:00:00",
    "fiscalYear": "1993",
    "period": "Q4",
    "revenue": 17122100000,
    "costOfRevenue": 13406400000,
    "grossProfit": 3715700000,
    "researchAndDevelopmentExpenses": 0,
    "generalAndAdministrativeExpenses": 0,
    "sellingAndMarketingExpenses": 0,
    "sellingGeneralAndAdministrativeExpenses": 2374400000,
    "otherExpenses": 210400000,
    "operatingExpenses": 2584800000,
    "costAndExpenses": 15991200000,
    "netInterestIncome": 0,
    "interestIncome": 0,
    "interestExpense": 0,
    "depreciationAndAmortization": 210400000,
    "ebitda": 1341300000,
    "ebit": 1130900000,
    "nonOperatingIncomeExcludingInterest": 0,
    "operatingIncome": 1130900000,
    "totalOtherIncomeExpensesNet": 58900000,
    "incomeBeforeTax": 1189800000,
    "incomeTaxExpense": 440200000,
    "netIncomeFromContinuingOperations": 749600000,
    "netIncomeFromDiscontinuedOperations": 0,
    "otherAdjustmentsToNetIncome": 0,
    "netIncome": 749600000,
    "netIncomeDeductions": 0,
    "bottomLineNetIncome": 749600000,
    "eps": 0.055,
    "epsDiluted": 0.055,
    "weightedAverageShsOut": 13521000000,
    "weightedAverageShsOutDil": 13521000000
  },
  {
    "date": "1992-10-31",
    "symbol": "WMT",
    "reportedCurrency": "USD",
    "cik": "0000104169",
    "filingDate": "1992-10-31",
    "acceptedDate": "1992-10-31 00:00:00",
    "fiscalYear": "1993",
    "period": "Q3",
    "revenue": 13683800000,
    "costOfRevenue": 10732200000,
    "grossProfit": 2951600000,
    "researchAndDevelopmentExpenses": 0,
    "generalAndAdministrativeExpenses": 0,
    "sellingAndMarketingExpenses": 0,
    "sellingGeneralAndAdministrativeExpenses": 2143000000,
    "otherExpenses": 152700000,
    "operatingExpenses": 2295700000,
    "costAndExpenses": 13027900000,
    "netInterestIncome": 0,
    "interestIncome": 0,
    "interestExpense": 0,
    "depreciationAndAmortization": 152700000,
    "ebitda": 808600000,
    "ebit": 655900000,
    "nonOperatingIncomeExcludingInterest": 0,
    "operatingIncome": 655900000,
    "totalOtherIncomeExpensesNet": 39000000,
    "incomeBeforeTax": 694900000,
    "incomeTaxExpense": 257100000,
    "netIncomeFromContinuingOperations": 437800000,
    "netIncomeFromDiscontinuedOperations": 0,
    "otherAdjustmentsToNetIncome": 0,
    "netIncome": 437800000,
    "netIncomeDeductions": 0,
    "bottomLineNetIncome": 437800000,
    "eps": 0.0333,
    "epsDiluted": 0.0333,
    "weightedAverageShsOut": 13134000000,
    "weightedAverageShsOutDil": 13134000000
  },
  {
    "date": "1992-07-31",
    "symbol": "WMT",
    "reportedCurrency": "USD",
    "cik": "0000104169",
    "filingDate": "1992-07-31",
    "acceptedDate": "1992-07-31 00:00:00",
    "fiscalYear": "1993",
    "period": "Q2",
    "revenue": 13028400000,
    "costOfRevenue": 10271300000,
    "grossProfit": 2757100000,
    "researchAndDevelopmentExpenses": 0,
    "generalAndAdministrativeExpenses": 0,
    "sellingAndMarketingExpenses": 0,
    "sellingGeneralAndAdministrativeExpenses": 1995500000,
    "otherExpenses": 145200000,
    "operatingExpenses": 2140700000,
    "costAndExpenses": 12412000000,
    "netInterestIncome": 0,
    "interestIncome": 0,
    "interestExpense": 0,
    "depreciationAndAmortization": 145200000,
    "ebitda": 761600000,
    "ebit": 616400000,
    "nonOperatingIncomeExcludingInterest": 0,
    "operatingIncome": 616400000,
    "totalOtherIncomeExpensesNet": 50900000,
    "incomeBeforeTax": 667300000,
    "incomeTaxExpense": 246900000,
    "netIncomeFromContinuingOperations": 420400000,
    "netIncomeFromDiscontinuedOperations": 0,
    "otherAdjustmentsToNetIncome": 0,
    "netIncome": 420400000,
    "netIncomeDeductions": 0,
    "bottomLineNetIncome": 420400000,
    "eps": 0.0333,
    "epsDiluted": 0.0333,
    "weightedAverageShsOut": 12612000000,
    "weightedAverageShsOutDil": 12612000000
  },
  {
    "date": "1992-04-30",
    "symbol": "WMT",
    "reportedCurrency": "USD",
    "cik": "0000104169",
    "filingDate": "1992-04-30",
    "acceptedDate": "1992-04-30 00:00:00",
    "fiscalYear": "1993",
    "period": "Q1",
    "revenue": 11649400000,
    "costOfRevenue": 9115500000,
    "grossProfit": 2533900000,
    "researchAndDevelopmentExpenses": 0,
    "generalAndAdministrativeExpenses": 0,
    "sellingAndMarketingExpenses": 0,
    "sellingGeneralAndAdministrativeExpenses": 1807900000,
    "otherExpenses": 140800000,
    "operatingExpenses": 1948700000,
    "costAndExpenses": 11064200000,
    "netInterestIncome": 0,
    "interestIncome": 0,
    "interestExpense": 0,
    "depreciationAndAmortization": 140800000,
    "ebitda": 726000000,
    "ebit": 585200000,
    "nonOperatingIncomeExcludingInterest": 0,
    "operatingIncome": 585200000,
    "totalOtherIncomeExpensesNet": 29100000,
    "incomeBeforeTax": 614300000,
    "incomeTaxExpense": 227300000,
    "netIncomeFromContinuingOperations": 387000000,
    "netIncomeFromDiscontinuedOperations": 0,
    "otherAdjustmentsToNetIncome": 0,
    "netIncome": 387000000,
    "netIncomeDeductions": 0,
    "bottomLineNetIncome": 387000000,
    "eps": 0.03,
    "epsDiluted": 0.03,
    "weightedAverageShsOut": 12900000000,
    "weightedAverageShsOutDil": 12900000000
  },
  {
    "date": "1992-01-31",
    "symbol": "WMT",
    "reportedCurrency": "USD",
    "cik": "0000104169",
    "filingDate": "1992-01-31",
    "acceptedDate": "1992-01-31 00:00:00",
    "fiscalYear": "1992",
    "period": "Q4",
    "revenue": 13638900000,
    "costOfRevenue": 10705400000,
    "grossProfit": 2933500000,
    "researchAndDevelopmentExpenses": 0,
    "generalAndAdministrativeExpenses": 0,
    "sellingAndMarketingExpenses": 0,
    "sellingGeneralAndAdministrativeExpenses": 1886800000,
    "otherExpenses": 139700000,
    "operatingExpenses": 2026500000,
    "costAndExpenses": 12731900000,
    "netInterestIncome": 0,
    "interestIncome": 0,
    "interestExpense": 0,
    "depreciationAndAmortization": 139700000,
    "ebitda": 1046700000,
    "ebit": 907000000,
    "nonOperatingIncomeExcludingInterest": 0,
    "operatingIncome": 907000000,
    "totalOtherIncomeExpensesNet": 49300000,
    "incomeBeforeTax": 956300000,
    "incomeTaxExpense": 353800000,
    "netIncomeFromContinuingOperations": 602500000,
    "netIncomeFromDiscontinuedOperations": 0,
    "otherAdjustmentsToNetIncome": 0,
    "netIncome": 602500000,
    "netIncomeDeductions": 0,
    "bottomLineNetIncome": 602500000,
    "eps": 0.047,
    "epsDiluted": 0.047,
    "weightedAverageShsOut": 12900000000,
    "weightedAverageShsOutDil": 12900000000
  },
  {
    "date": "1991-10-31",
    "symbol": "WMT",
    "reportedCurrency": "USD",
    "cik": "0000104169",
    "filingDate": "1991-10-31",
    "acceptedDate": "1991-10-31 00:00:00",
    "fiscalYear": "1992",
    "period": "Q3",
    "revenue": 10627500000,
    "costOfRevenue": 8290900000,
    "grossProfit": 2336600000,
    "researchAndDevelopmentExpenses": 0,
    "generalAndAdministrativeExpenses": 0,
    "sellingAndMarketingExpenses": 0,
    "sellingGeneralAndAdministrativeExpenses": 1697000000,
    "otherExpenses": 111900000,
    "operatingExpenses": 1808900000,
    "costAndExpenses": 10099800000,
    "netInterestIncome": 0,
    "interestIncome": 0,
    "interestExpense": 0,
    "depreciationAndAmortization": 124500000,
    "ebitda": 652200000,
    "ebit": 527700000,
    "nonOperatingIncomeExcludingInterest": 0,
    "operatingIncome": 527700000,
    "totalOtherIncomeExpensesNet": 32900000,
    "incomeBeforeTax": 560600000,
    "incomeTaxExpense": 207400000,
    "netIncomeFromContinuingOperations": 353200000,
    "netIncomeFromDiscontinuedOperations": 0,
    "otherAdjustmentsToNetIncome": 0,
    "netIncome": 353200000,
    "netIncomeDeductions": 0,
    "bottomLineNetIncome": 353200000,
    "eps": 0.0267,
    "epsDiluted": 0.0267,
    "weightedAverageShsOut": 13245000000,
    "weightedAverageShsOutDil": 13245000000
  },
  {
    "date": "1991-07-31",
    "symbol": "WMT",
    "reportedCurrency": "USD",
    "cik": "0000104169",
    "filingDate": "1991-07-31",
    "acceptedDate": "1991-07-31 00:00:00",
    "fiscalYear": "1992",
    "period": "Q2",
    "revenue": 10340000000,
    "costOfRevenue": 8102500000,
    "grossProfit": 2237500000,
    "researchAndDevelopmentExpenses": 0,
    "generalAndAdministrativeExpenses": 0,
    "sellingAndMarketingExpenses": 0,
    "sellingGeneralAndAdministrativeExpenses": 1615600000,
    "otherExpenses": 105600000,
    "operatingExpenses": 1721200000,
    "costAndExpenses": 9823700000,
    "netInterestIncome": 0,
    "interestIncome": 0,
    "interestExpense": 0,
    "depreciationAndAmortization": 111200000,
    "ebitda": 627500000,
    "ebit": 516300000,
    "nonOperatingIncomeExcludingInterest": 0,
    "operatingIncome": 516300000,
    "totalOtherIncomeExpensesNet": 32700000,
    "incomeBeforeTax": 549000000,
    "incomeTaxExpense": 203100000,
    "netIncomeFromContinuingOperations": 345900000,
    "netIncomeFromDiscontinuedOperations": 0,
    "otherAdjustmentsToNetIncome": 0,
    "netIncome": 345900000,
    "netIncomeDeductions": 0,
    "bottomLineNetIncome": 345900000,
    "eps": 0.0267,
    "epsDiluted": 0.0267,
    "weightedAverageShsOut": 12971250000,
    "weightedAverageShsOutDil": 12971250000
  },
  {
    "date": "1991-04-30",
    "symbol": "WMT",
    "reportedCurrency": "USD",
    "cik": "0000104169",
    "filingDate": "1991-04-30",
    "acceptedDate": "1991-04-30 00:00:00",
    "fiscalYear": "1992",
    "period": "Q1",
    "revenue": 9280600000,
    "costOfRevenue": 7230200000,
    "grossProfit": 2050400000,
    "researchAndDevelopmentExpenses": 0,
    "generalAndAdministrativeExpenses": 0,
    "sellingAndMarketingExpenses": 0,
    "sellingGeneralAndAdministrativeExpenses": 1484900000,
    "otherExpenses": 100000000,
    "operatingExpenses": 1584900000,
    "costAndExpenses": 8815100000,
    "netInterestIncome": 0,
    "interestIncome": 0,
    "interestExpense": 0,
    "depreciationAndAmortization": 100000000,
    "ebitda": 565500000,
    "ebit": 465500000,
    "nonOperatingIncomeExcludingInterest": 0,
    "operatingIncome": 465500000,
    "totalOtherIncomeExpensesNet": 21800000,
    "incomeBeforeTax": 487300000,
    "incomeTaxExpense": 180300000,
    "netIncomeFromContinuingOperations": 307000000,
    "netIncomeFromDiscontinuedOperations": 0,
    "otherAdjustmentsToNetIncome": 0,
    "netIncome": 307000000,
    "netIncomeDeductions": 0,
    "bottomLineNetIncome": 307000000,
    "eps": 0.0233,
    "epsDiluted": 0.0233,
    "weightedAverageShsOut": 13157142858,
    "weightedAverageShsOutDil": 13157142858
  },
  {
    "date": "1991-01-31",
    "symbol": "WMT",
    "reportedCurrency": "USD",
    "cik": "0000104169",
    "filingDate": "1991-01-31",
    "acceptedDate": "1991-01-31 00:00:00",
    "fiscalYear": "1991",
    "period": "Q4",
    "revenue": 10358900000,
    "costOfRevenue": 8016300000,
    "grossProfit": 2342600000,
    "researchAndDevelopmentExpenses": 0,
    "generalAndAdministrativeExpenses": 0,
    "sellingAndMarketingExpenses": 0,
    "sellingGeneralAndAdministrativeExpenses": 1511700000,
    "otherExpenses": 103500000,
    "operatingExpenses": 1615200000,
    "costAndExpenses": 9631500000,
    "netInterestIncome": 0,
    "interestIncome": 0,
    "interestExpense": 0,
    "depreciationAndAmortization": 103500000,
    "ebitda": 830900000,
    "ebit": 727400000,
    "nonOperatingIncomeExcludingInterest": 0,
    "operatingIncome": 727400000,
    "totalOtherIncomeExpensesNet": 30900000,
    "incomeBeforeTax": 758300000,
    "incomeTaxExpense": 276500000,
    "netIncomeFromContinuingOperations": 481800000,
    "netIncomeFromDiscontinuedOperations": 0,
    "otherAdjustmentsToNetIncome": 0,
    "netIncome": 481800000,
    "netIncomeDeductions": 0,
    "bottomLineNetIncome": 481800000,
    "eps": 0.037,
    "epsDiluted": 0.037,
    "weightedAverageShsOut": 13157142858,
    "weightedAverageShsOutDil": 13157142858
  },
  {
    "date": "1990-10-31",
    "symbol": "WMT",
    "reportedCurrency": "USD",
    "cik": "0000104169",
    "filingDate": "1990-10-31",
    "acceptedDate": "1990-10-31 00:00:00",
    "fiscalYear": "1991",
    "period": "Q3",
    "revenue": 7931000000,
    "costOfRevenue": 6115900000,
    "grossProfit": 1815100000,
    "researchAndDevelopmentExpenses": 0,
    "generalAndAdministrativeExpenses": 0,
    "sellingAndMarketingExpenses": 0,
    "sellingGeneralAndAdministrativeExpenses": 1310300000,
    "otherExpenses": 81000000,
    "operatingExpenses": 1391300000,
    "costAndExpenses": 7507200000,
    "netInterestIncome": 0,
    "interestIncome": 0,
    "interestExpense": 0,
    "depreciationAndAmortization": 84100000,
    "ebitda": 507900000,
    "ebit": 423800000,
    "nonOperatingIncomeExcludingInterest": 0,
    "operatingIncome": 423800000,
    "totalOtherIncomeExpensesNet": 25100000,
    "incomeBeforeTax": 448900000,
    "incomeTaxExpense": 166100000,
    "netIncomeFromContinuingOperations": 282800000,
    "netIncomeFromDiscontinuedOperations": 0,
    "otherAdjustmentsToNetIncome": 0,
    "netIncome": 282800000,
    "netIncomeDeductions": 0,
    "bottomLineNetIncome": 282800000,
    "eps": 0.0233,
    "epsDiluted": 0.0233,
    "weightedAverageShsOut": 12120000000,
    "weightedAverageShsOutDil": 12120000000
  },
  {
    "date": "1990-07-31",
    "symbol": "WMT",
    "reportedCurrency": "USD",
    "cik": "0000104169",
    "filingDate": "1990-07-31",
    "acceptedDate": "1990-07-31 00:00:00",
    "fiscalYear": "1991",
    "period": "Q2",
    "revenue": 7543500000,
    "costOfRevenue": 5826600000,
    "grossProfit": 1716900000,
    "researchAndDevelopmentExpenses": 0,
    "generalAndAdministrativeExpenses": 0,
    "sellingAndMarketingExpenses": 0,
    "sellingGeneralAndAdministrativeExpenses": 1227200000,
    "otherExpenses": 79500000,
    "operatingExpenses": 1306700000,
    "costAndExpenses": 7133300000,
    "netInterestIncome": 0,
    "interestIncome": 0,
    "interestExpense": 0,
    "depreciationAndAmortization": 82100000,
    "ebitda": 492300000,
    "ebit": 410200000,
    "nonOperatingIncomeExcludingInterest": 0,
    "operatingIncome": 410200000,
    "totalOtherIncomeExpensesNet": 23000000,
    "incomeBeforeTax": 433200000,
    "incomeTaxExpense": 160300000,
    "netIncomeFromContinuingOperations": 272900000,
    "netIncomeFromDiscontinuedOperations": 0,
    "otherAdjustmentsToNetIncome": 0,
    "netIncome": 272900000,
    "netIncomeDeductions": 0,
    "bottomLineNetIncome": 272900000,
    "eps": 0.02,
    "epsDiluted": 0.02,
    "weightedAverageShsOut": 13644999999,
    "weightedAverageShsOutDil": 13644999999
  },
  {
    "date": "1990-04-30",
    "symbol": "WMT",
    "reportedCurrency": "USD",
    "cik": "0000104169",
    "filingDate": "1990-04-30",
    "acceptedDate": "1990-04-30 00:00:00",
    "fiscalYear": "1991",
    "period": "Q1",
    "revenue": 6768200000,
    "costOfRevenue": 5200000000,
    "grossProfit": 1568200000,
    "researchAndDevelopmentExpenses": 0,
    "generalAndAdministrativeExpenses": 0,
    "sellingAndMarketingExpenses": 0,
    "sellingGeneralAndAdministrativeExpenses": 1103100000,
    "otherExpenses": 76900000,
    "operatingExpenses": 1180000000,
    "costAndExpenses": 6380000000,
    "netInterestIncome": 0,
    "interestIncome": 0,
    "interestExpense": 0,
    "depreciationAndAmortization": 76900000,
    "ebitda": 465100000,
    "ebit": 388200000,
    "nonOperatingIncomeExcludingInterest": 0,
    "operatingIncome": 388200000,
    "totalOtherIncomeExpensesNet": 14000000,
    "incomeBeforeTax": 402200000,
    "incomeTaxExpense": 148800000,
    "netIncomeFromContinuingOperations": 253400000,
    "netIncomeFromDiscontinuedOperations": 0,
    "otherAdjustmentsToNetIncome": 0,
    "netIncome": 253400000,
    "netIncomeDeductions": 0,
    "bottomLineNetIncome": 253400000,
    "eps": 0.02,
    "epsDiluted": 0.02,
    "weightedAverageShsOut": 12669999999,
    "weightedAverageShsOutDil": 12669999999
  },
  {
    "date": "1990-01-31",
    "symbol": "WMT",
    "reportedCurrency": "USD",
    "cik": "0000104169",
    "filingDate": "1990-01-31",
    "acceptedDate": "1990-01-31 00:00:00",
    "fiscalYear": "1990",
    "period": "Q4",
    "revenue": 8107500000,
    "costOfRevenue": 6217200000,
    "grossProfit": 1890300000,
    "researchAndDevelopmentExpenses": 0,
    "generalAndAdministrativeExpenses": 0,
    "sellingAndMarketingExpenses": 0,
    "sellingGeneralAndAdministrativeExpenses": 1166800000,
    "otherExpenses": 71300000,
    "operatingExpenses": 1238100000,
    "costAndExpenses": 7455300000,
    "netInterestIncome": 0,
    "interestIncome": 0,
    "interestExpense": 0,
    "depreciationAndAmortization": 71300000,
    "ebitda": 723500000,
    "ebit": 652200000,
    "nonOperatingIncomeExcludingInterest": 0,
    "operatingIncome": 652200000,
    "totalOtherIncomeExpensesNet": 23500000,
    "incomeBeforeTax": 675700000,
    "incomeTaxExpense": 249800000,
    "netIncomeFromContinuingOperations": 425900000,
    "netIncomeFromDiscontinuedOperations": 0,
    "otherAdjustmentsToNetIncome": 0,
    "netIncome": 425900000,
    "netIncomeDeductions": 0,
    "bottomLineNetIncome": 425900000,
    "eps": 0.034,
    "epsDiluted": 0.034,
    "weightedAverageShsOut": 12669999999,
    "weightedAverageShsOutDil": 12669999999
  },
  {
    "date": "1989-10-31",
    "symbol": "WMT",
    "reportedCurrency": "USD",
    "cik": "0000104169",
    "filingDate": "1989-10-31",
    "acceptedDate": "1989-10-31 00:00:00",
    "fiscalYear": "1990",
    "period": "Q3",
    "revenue": 6283500000,
    "costOfRevenue": 4810000000,
    "grossProfit": 1473500000,
    "researchAndDevelopmentExpenses": 0,
    "generalAndAdministrativeExpenses": 0,
    "sellingAndMarketingExpenses": 0,
    "sellingGeneralAndAdministrativeExpenses": 1041200000,
    "otherExpenses": 71200000,
    "operatingExpenses": 1112400000,
    "costAndExpenses": 5922400000,
    "netInterestIncome": 0,
    "interestIncome": 0,
    "interestExpense": 0,
    "depreciationAndAmortization": 71200000,
    "ebitda": 432300000,
    "ebit": 361100000,
    "nonOperatingIncomeExcludingInterest": 0,
    "operatingIncome": 361100000,
    "totalOtherIncomeExpensesNet": 8300000,
    "incomeBeforeTax": 369400000,
    "incomeTaxExpense": 136700000,
    "netIncomeFromContinuingOperations": 232700000,
    "netIncomeFromDiscontinuedOperations": 0,
    "otherAdjustmentsToNetIncome": 0,
    "netIncome": 232700000,
    "netIncomeDeductions": 0,
    "bottomLineNetIncome": 232700000,
    "eps": 0.0167,
    "epsDiluted": 0.0167,
    "weightedAverageShsOut": 13962000000,
    "weightedAverageShsOutDil": 13962000000
  },
  {
    "date": "1989-07-31",
    "symbol": "WMT",
    "reportedCurrency": "USD",
    "cik": "0000104169",
    "filingDate": "1989-07-31",
    "acceptedDate": "1989-07-31 00:00:00",
    "fiscalYear": "1990",
    "period": "Q2",
    "revenue": 6046400000,
    "costOfRevenue": 4662900000,
    "grossProfit": 1383500000,
    "researchAndDevelopmentExpenses": 0,
    "generalAndAdministrativeExpenses": 0,
    "sellingAndMarketingExpenses": 0,
    "sellingGeneralAndAdministrativeExpenses": 978000000,
    "otherExpenses": 65700000,
    "operatingExpenses": 1043700000,
    "costAndExpenses": 5706600000,
    "netInterestIncome": 0,
    "interestIncome": 0,
    "interestExpense": 0,
    "depreciationAndAmortization": 65700000,
    "ebitda": 405500000,
    "ebit": 339800000,
    "nonOperatingIncomeExcludingInterest": 0,
    "operatingIncome": 339800000,
    "totalOtherIncomeExpensesNet": 7800000,
    "incomeBeforeTax": 347600000,
    "incomeTaxExpense": 128600000,
    "netIncomeFromContinuingOperations": 219000000,
    "netIncomeFromDiscontinuedOperations": 0,
    "otherAdjustmentsToNetIncome": 0,
    "netIncome": 219000000,
    "netIncomeDeductions": 0,
    "bottomLineNetIncome": 219000000,
    "eps": 0.0167,
    "epsDiluted": 0.0167,
    "weightedAverageShsOut": 13140000000,
    "weightedAverageShsOutDil": 13140000000
  },
  {
    "date": "1989-04-30",
    "symbol": "WMT",
    "reportedCurrency": "USD",
    "cik": "0000104169",
    "filingDate": "1989-04-30",
    "acceptedDate": "1989-04-30 00:00:00",
    "fiscalYear": "1990",
    "period": "Q1",
    "revenue": 5373300000,
    "costOfRevenue": 4110500000,
    "grossProfit": 1262800000,
    "researchAndDevelopmentExpenses": 0,
    "generalAndAdministrativeExpenses": 0,
    "sellingAndMarketingExpenses": 0,
    "sellingGeneralAndAdministrativeExpenses": 883600000,
    "otherExpenses": 61200000,
    "operatingExpenses": 944800000,
    "costAndExpenses": 5055300000,
    "netInterestIncome": 0,
    "interestIncome": 0,
    "interestExpense": 0,
    "depreciationAndAmortization": 61200000,
    "ebitda": 379200000,
    "ebit": 318000000,
    "nonOperatingIncomeExcludingInterest": 0,
    "operatingIncome": 318000000,
    "totalOtherIncomeExpensesNet": -3200000,
    "incomeBeforeTax": 314800000,
    "incomeTaxExpense": 116500000,
    "netIncomeFromContinuingOperations": 198300000,
    "netIncomeFromDiscontinuedOperations": 0,
    "otherAdjustmentsToNetIncome": 0,
    "netIncome": 198300000,
    "netIncomeDeductions": 0,
    "bottomLineNetIncome": 198300000,
    "eps": 0.0167,
    "epsDiluted": 0.0167,
    "weightedAverageShsOut": 11898000000,
    "weightedAverageShsOutDil": 11898000000
  },
  {
    "date": "1989-01-31",
    "symbol": "WMT",
    "reportedCurrency": "USD",
    "cik": "0000104169",
    "filingDate": "1989-01-31",
    "acceptedDate": "1989-01-30 19:00:00",
    "fiscalYear": "1989",
    "period": "Q4",
    "revenue": 6530700000,
    "costOfRevenue": 0,
    "grossProfit": 6530700000,
    "researchAndDevelopmentExpenses": 0,
    "generalAndAdministrativeExpenses": 0,
    "sellingAndMarketingExpenses": 0,
    "sellingGeneralAndAdministrativeExpenses": 0,
    "otherExpenses": -19324700000,
    "operatingExpenses": -19324700000,
    "costAndExpenses": -19324700000,
    "netInterestIncome": 0,
    "interestIncome": 0,
    "interestExpense": 0,
    "depreciationAndAmortization": 0,
    "ebitda": -12794000000,
    "ebit": -12794000000,
    "nonOperatingIncomeExcludingInterest": 0,
    "operatingIncome": -12794000000,
    "totalOtherIncomeExpensesNet": 14119400000,
    "incomeBeforeTax": 0,
    "incomeTaxExpense": 0,
    "netIncomeFromContinuingOperations": 323200000,
    "netIncomeFromDiscontinuedOperations": 0,
    "otherAdjustmentsToNetIncome": 0,
    "netIncome": 323200000,
    "netIncomeDeductions": 0,
    "bottomLineNetIncome": 323200000,
    "eps": 0.0272,
    "epsDiluted": 0.0272,
    "weightedAverageShsOut": 11898000000,
    "weightedAverageShsOutDil": 11898000000
  },
  {
    "date": "1988-10-31",
    "symbol": "WMT",
    "reportedCurrency": "USD",
    "cik": "0000104169",
    "filingDate": "1988-10-31",
    "acceptedDate": "1988-10-30 19:00:00",
    "fiscalYear": "1989",
    "period": "Q3",
    "revenue": 4991200000,
    "costOfRevenue": 0,
    "grossProfit": 4991200000,
    "researchAndDevelopmentExpenses": 0,
    "generalAndAdministrativeExpenses": 0,
    "sellingAndMarketingExpenses": 0,
    "sellingGeneralAndAdministrativeExpenses": 0,
    "otherExpenses": 0,
    "operatingExpenses": 4991200000,
    "costAndExpenses": 4991200000,
    "netInterestIncome": 0,
    "interestIncome": 0,
    "interestExpense": 0,
    "depreciationAndAmortization": 0,
    "ebitda": 4991200000,
    "ebit": 4991200000,
    "nonOperatingIncomeExcludingInterest": 0,
    "operatingIncome": 4991200000,
    "totalOtherIncomeExpensesNet": -4991200000,
    "incomeBeforeTax": 0,
    "incomeTaxExpense": 0,
    "netIncomeFromContinuingOperations": 180800000,
    "netIncomeFromDiscontinuedOperations": 0,
    "otherAdjustmentsToNetIncome": 0,
    "netIncome": 180800000,
    "netIncomeDeductions": 0,
    "bottomLineNetIncome": 180800000,
    "eps": 0.0133,
    "epsDiluted": 0.0133,
    "weightedAverageShsOut": 13571304000,
    "weightedAverageShsOutDil": 13571304000
  },
  {
    "date": "1988-07-31",
    "symbol": "WMT",
    "reportedCurrency": "USD",
    "cik": "0000104169",
    "filingDate": "1988-07-31",
    "acceptedDate": "1988-07-30 20:00:00",
    "fiscalYear": "1989",
    "period": "Q2",
    "revenue": 4845100000,
    "costOfRevenue": 0,
    "grossProfit": 4845100000,
    "researchAndDevelopmentExpenses": 0,
    "generalAndAdministrativeExpenses": 0,
    "sellingAndMarketingExpenses": 0,
    "sellingGeneralAndAdministrativeExpenses": 0,
    "otherExpenses": 0,
    "operatingExpenses": 4845100000,
    "costAndExpenses": 4845100000,
    "netInterestIncome": 0,
    "interestIncome": 0,
    "interestExpense": 0,
    "depreciationAndAmortization": 0,
    "ebitda": 4845100000,
    "ebit": 4845100000,
    "nonOperatingIncomeExcludingInterest": 0,
    "operatingIncome": 4845100000,
    "totalOtherIncomeExpensesNet": -4845100000,
    "incomeBeforeTax": 0,
    "incomeTaxExpense": 0,
    "netIncomeFromContinuingOperations": 179600000,
    "netIncomeFromDiscontinuedOperations": 0,
    "otherAdjustmentsToNetIncome": 0,
    "netIncome": 179600000,
    "netIncomeDeductions": 0,
    "bottomLineNetIncome": 179600000,
    "eps": 0.0133,
    "epsDiluted": 0.0133,
    "weightedAverageShsOut": 13562688000,
    "weightedAverageShsOutDil": 13562688000
  },
  {
    "date": "1988-04-30",
    "symbol": "WMT",
    "reportedCurrency": "USD",
    "cik": "0000104169",
    "filingDate": "1988-04-30",
    "acceptedDate": "1988-04-29 20:00:00",
    "fiscalYear": "1989",
    "period": "Q1",
    "revenue": 4282000000,
    "costOfRevenue": 0,
    "grossProfit": 4282000000,
    "researchAndDevelopmentExpenses": 0,
    "generalAndAdministrativeExpenses": 0,
    "sellingAndMarketingExpenses": 0,
    "sellingGeneralAndAdministrativeExpenses": 0,
    "otherExpenses": 0,
    "operatingExpenses": 4282000000,
    "costAndExpenses": 4282000000,
    "netInterestIncome": 0,
    "interestIncome": 0,
    "interestExpense": 0,
    "depreciationAndAmortization": 0,
    "ebitda": 4282000000,
    "ebit": 4282000000,
    "nonOperatingIncomeExcludingInterest": 0,
    "operatingIncome": 4282000000,
    "totalOtherIncomeExpensesNet": -4282000000,
    "incomeBeforeTax": 0,
    "incomeTaxExpense": 0,
    "netIncomeFromContinuingOperations": 153600000,
    "netIncomeFromDiscontinuedOperations": 0,
    "otherAdjustmentsToNetIncome": 0,
    "netIncome": 153600000,
    "netIncomeDeductions": 0,
    "bottomLineNetIncome": 153600000,
    "eps": 0.0133,
    "epsDiluted": 0.0133,
    "weightedAverageShsOut": 13547376000,
    "weightedAverageShsOutDil": 13547376000
  },
  {
    "date": "1988-01-31",
    "symbol": "WMT",
    "reportedCurrency": "USD",
    "cik": "0000104169",
    "filingDate": "1988-01-31",
    "acceptedDate": "1988-01-30 19:00:00",
    "fiscalYear": "1988",
    "period": "Q4",
    "revenue": 5000300000,
    "costOfRevenue": 0,
    "grossProfit": 5000300000,
    "researchAndDevelopmentExpenses": 0,
    "generalAndAdministrativeExpenses": 0,
    "sellingAndMarketingExpenses": 0,
    "sellingGeneralAndAdministrativeExpenses": 0,
    "otherExpenses": -14881200000,
    "operatingExpenses": -14881200000,
    "costAndExpenses": -14881200000,
    "netInterestIncome": 0,
    "interestIncome": 0,
    "interestExpense": 0,
    "depreciationAndAmortization": 0,
    "ebitda": -9880900000,
    "ebit": -9880900000,
    "nonOperatingIncomeExcludingInterest": 0,
    "operatingIncome": -9880900000,
    "totalOtherIncomeExpensesNet": 10949500000,
    "incomeBeforeTax": 0,
    "incomeTaxExpense": 0,
    "netIncomeFromContinuingOperations": 247100000,
    "netIncomeFromDiscontinuedOperations": 0,
    "otherAdjustmentsToNetIncome": 0,
    "netIncome": 247100000,
    "netIncomeDeductions": 0,
    "bottomLineNetIncome": 247100000,
    "eps": 0.0182,
    "epsDiluted": 0.0182,
    "weightedAverageShsOut": 13547376000,
    "weightedAverageShsOutDil": 13547376000
  },
  {
    "date": "1987-10-31",
    "symbol": "WMT",
    "reportedCurrency": "USD",
    "cik": "0000104169",
    "filingDate": "1987-10-31",
    "acceptedDate": "1987-10-30 19:00:00",
    "fiscalYear": "1988",
    "period": "Q3",
    "revenue": 4015000000,
    "costOfRevenue": 0,
    "grossProfit": 4015000000,
    "researchAndDevelopmentExpenses": 0,
    "generalAndAdministrativeExpenses": 0,
    "sellingAndMarketingExpenses": 0,
    "sellingGeneralAndAdministrativeExpenses": 0,
    "otherExpenses": 0,
    "operatingExpenses": 4015000000,
    "costAndExpenses": 4015000000,
    "netInterestIncome": 0,
    "interestIncome": 0,
    "interestExpense": 0,
    "depreciationAndAmortization": 0,
    "ebitda": 4015000000,
    "ebit": 4015000000,
    "nonOperatingIncomeExcludingInterest": 0,
    "operatingIncome": 4015000000,
    "totalOtherIncomeExpensesNet": -4015000000,
    "incomeBeforeTax": 0,
    "incomeTaxExpense": 0,
    "netIncomeFromContinuingOperations": 136100000,
    "netIncomeFromDiscontinuedOperations": 0,
    "otherAdjustmentsToNetIncome": 0,
    "netIncome": 136100000,
    "netIncomeDeductions": 0,
    "bottomLineNetIncome": 136100000,
    "eps": 0.01,
    "epsDiluted": 0.01,
    "weightedAverageShsOut": 13544736000,
    "weightedAverageShsOutDil": 13544736000
  },
  {
    "date": "1987-07-31",
    "symbol": "WMT",
    "reportedCurrency": "USD",
    "cik": "0000104169",
    "filingDate": "1987-07-31",
    "acceptedDate": "1987-07-30 20:00:00",
    "fiscalYear": "1988",
    "period": "Q2",
    "revenue": 3732200000,
    "costOfRevenue": 0,
    "grossProfit": 3732200000,
    "researchAndDevelopmentExpenses": 0,
    "generalAndAdministrativeExpenses": 0,
    "sellingAndMarketingExpenses": 0,
    "sellingGeneralAndAdministrativeExpenses": 0,
    "otherExpenses": 0,
    "operatingExpenses": 3732200000,
    "costAndExpenses": 3732200000,
    "netInterestIncome": 0,
    "interestIncome": 0,
    "interestExpense": 0,
    "depreciationAndAmortization": 0,
    "ebitda": 3732200000,
    "ebit": 3732200000,
    "nonOperatingIncomeExcludingInterest": 0,
    "operatingIncome": 3732200000,
    "totalOtherIncomeExpensesNet": -3732200000,
    "incomeBeforeTax": 0,
    "incomeTaxExpense": 0,
    "netIncomeFromContinuingOperations": 134100000,
    "netIncomeFromDiscontinuedOperations": 0,
    "otherAdjustmentsToNetIncome": 0,
    "netIncome": 134100000,
    "netIncomeDeductions": 0,
    "bottomLineNetIncome": 134100000,
    "eps": 0.01,
    "epsDiluted": 0.01,
    "weightedAverageShsOut": 13544736000,
    "weightedAverageShsOutDil": 13544736000
  },
  {
    "date": "1987-04-30",
    "symbol": "WMT",
    "reportedCurrency": "USD",
    "cik": "0000104169",
    "filingDate": "1987-04-30",
    "acceptedDate": "1987-04-29 20:00:00",
    "fiscalYear": "1988",
    "period": "Q1",
    "revenue": 3211800000,
    "costOfRevenue": 0,
    "grossProfit": 3211800000,
    "researchAndDevelopmentExpenses": 0,
    "generalAndAdministrativeExpenses": 0,
    "sellingAndMarketingExpenses": 0,
    "sellingGeneralAndAdministrativeExpenses": 0,
    "otherExpenses": 0,
    "operatingExpenses": 3211800000,
    "costAndExpenses": 3211800000,
    "netInterestIncome": 0,
    "interestIncome": 0,
    "interestExpense": 0,
    "depreciationAndAmortization": 0,
    "ebitda": 3211800000,
    "ebit": 3211800000,
    "nonOperatingIncomeExcludingInterest": 0,
    "operatingIncome": 3211800000,
    "totalOtherIncomeExpensesNet": -3211800000,
    "incomeBeforeTax": 0,
    "incomeTaxExpense": 0,
    "netIncomeFromContinuingOperations": 110400000,
    "netIncomeFromDiscontinuedOperations": 0,
    "otherAdjustmentsToNetIncome": 0,
    "netIncome": 110400000,
    "netIncomeDeductions": 0,
    "bottomLineNetIncome": 110400000,
    "eps": 0.0085,
    "epsDiluted": 0.0085,
    "weightedAverageShsOut": 13531200000,
    "weightedAverageShsOutDil": 13531200000
  },
  {
    "date": "1987-01-31",
    "symbol": "WMT",
    "reportedCurrency": "USD",
    "cik": "0000104169",
    "filingDate": "1987-01-31",
    "acceptedDate": "1987-01-30 19:00:00",
    "fiscalYear": "1987",
    "period": "Q4",
    "revenue": 3845600000,
    "costOfRevenue": 0,
    "grossProfit": 3845600000,
    "researchAndDevelopmentExpenses": 0,
    "generalAndAdministrativeExpenses": 0,
    "sellingAndMarketingExpenses": 0,
    "sellingGeneralAndAdministrativeExpenses": 0,
    "otherExpenses": -11060800000,
    "operatingExpenses": -11060800000,
    "costAndExpenses": -11060800000,
    "netInterestIncome": 0,
    "interestIncome": 0,
    "interestExpense": 0,
    "depreciationAndAmortization": 0,
    "ebitda": -7215200000,
    "ebit": -7215200000,
    "nonOperatingIncomeExcludingInterest": 0,
    "operatingIncome": -7215200000,
    "totalOtherIncomeExpensesNet": 8061300000,
    "incomeBeforeTax": 0,
    "incomeTaxExpense": 0,
    "netIncomeFromContinuingOperations": 184300000,
    "netIncomeFromDiscontinuedOperations": 0,
    "otherAdjustmentsToNetIncome": 0,
    "netIncome": 184300000,
    "netIncomeDeductions": 0,
    "bottomLineNetIncome": 184300000,
    "eps": 0.0136,
    "epsDiluted": 0.0136,
    "weightedAverageShsOut": 13531200000,
    "weightedAverageShsOutDil": 13531200000
  },
  {
    "date": "1986-10-31",
    "symbol": "WMT",
    "reportedCurrency": "USD",
    "cik": "0000104169",
    "filingDate": "1986-10-31",
    "acceptedDate": "1986-10-30 19:00:00",
    "fiscalYear": "1987",
    "period": "Q3",
    "revenue": 2949000000,
    "costOfRevenue": 0,
    "grossProfit": 2949000000,
    "researchAndDevelopmentExpenses": 0,
    "generalAndAdministrativeExpenses": 0,
    "sellingAndMarketingExpenses": 0,
    "sellingGeneralAndAdministrativeExpenses": 0,
    "otherExpenses": 0,
    "operatingExpenses": 2949000000,
    "costAndExpenses": 2949000000,
    "netInterestIncome": 0,
    "interestIncome": 0,
    "interestExpense": 0,
    "depreciationAndAmortization": 0,
    "ebitda": 2949000000,
    "ebit": 2949000000,
    "nonOperatingIncomeExcludingInterest": 0,
    "operatingIncome": 2949000000,
    "totalOtherIncomeExpensesNet": -2949000000,
    "incomeBeforeTax": 0,
    "incomeTaxExpense": 0,
    "netIncomeFromContinuingOperations": 96500000,
    "netIncomeFromDiscontinuedOperations": 0,
    "otherAdjustmentsToNetIncome": 0,
    "netIncome": 96500000,
    "netIncomeDeductions": 0,
    "bottomLineNetIncome": 96500000,
    "eps": 0.01,
    "epsDiluted": 0.01,
    "weightedAverageShsOut": 13531200000,
    "weightedAverageShsOutDil": 13531200000
  },
  {
    "date": "1986-07-31",
    "symbol": "WMT",
    "reportedCurrency": "USD",
    "cik": "0000104169",
    "filingDate": "1986-07-31",
    "acceptedDate": "1986-07-30 20:00:00",
    "fiscalYear": "1987",
    "period": "Q2",
    "revenue": 2770300000,
    "costOfRevenue": 0,
    "grossProfit": 2770300000,
    "researchAndDevelopmentExpenses": 0,
    "generalAndAdministrativeExpenses": 0,
    "sellingAndMarketingExpenses": 0,
    "sellingGeneralAndAdministrativeExpenses": 0,
    "otherExpenses": 0,
    "operatingExpenses": 2770300000,
    "costAndExpenses": 2770300000,
    "netInterestIncome": 0,
    "interestIncome": 0,
    "interestExpense": 0,
    "depreciationAndAmortization": 0,
    "ebitda": 2770300000,
    "ebit": 2770300000,
    "nonOperatingIncomeExcludingInterest": 0,
    "operatingIncome": 2770300000,
    "totalOtherIncomeExpensesNet": -2770300000,
    "incomeBeforeTax": 0,
    "incomeTaxExpense": 0,
    "netIncomeFromContinuingOperations": 95900000,
    "netIncomeFromDiscontinuedOperations": 0,
    "otherAdjustmentsToNetIncome": 0,
    "netIncome": 95900000,
    "netIncomeDeductions": 0,
    "bottomLineNetIncome": 95900000,
    "eps": 0.01,
    "epsDiluted": 0.01,
    "weightedAverageShsOut": 13493088000,
    "weightedAverageShsOutDil": 13493088000
  },
  {
    "date": "1986-04-30",
    "symbol": "WMT",
    "reportedCurrency": "USD",
    "cik": "0000104169",
    "filingDate": "1986-04-30",
    "acceptedDate": "1986-04-29 20:00:00",
    "fiscalYear": "1987",
    "period": "Q1",
    "revenue": 2344300000,
    "costOfRevenue": 0,
    "grossProfit": 2344300000,
    "researchAndDevelopmentExpenses": 0,
    "generalAndAdministrativeExpenses": 0,
    "sellingAndMarketingExpenses": 0,
    "sellingGeneralAndAdministrativeExpenses": 0,
    "otherExpenses": 0,
    "operatingExpenses": 2344300000,
    "costAndExpenses": 2344300000,
    "netInterestIncome": 0,
    "interestIncome": 0,
    "interestExpense": 0,
    "depreciationAndAmortization": 0,
    "ebitda": 2344300000,
    "ebit": 2344300000,
    "nonOperatingIncomeExcludingInterest": 0,
    "operatingIncome": 2344300000,
    "totalOtherIncomeExpensesNet": -2344300000,
    "incomeBeforeTax": 0,
    "incomeTaxExpense": 0,
    "netIncomeFromContinuingOperations": 73400000,
    "netIncomeFromDiscontinuedOperations": 0,
    "otherAdjustmentsToNetIncome": 0,
    "netIncome": 73400000,
    "netIncomeDeductions": 0,
    "bottomLineNetIncome": 73400000,
    "eps": 0.0067,
    "epsDiluted": 0.0067,
    "weightedAverageShsOut": 13477488000,
    "weightedAverageShsOutDil": 13477488000
  },
  {
    "date": "1986-01-31",
    "symbol": "WMT",
    "reportedCurrency": "USD",
    "cik": "0000104169",
    "filingDate": "1986-01-31",
    "acceptedDate": "1986-01-30 19:00:00",
    "fiscalYear": "1986",
    "period": "Q4",
    "revenue": 2786900000,
    "costOfRevenue": 0,
    "grossProfit": 2786900000,
    "researchAndDevelopmentExpenses": 0,
    "generalAndAdministrativeExpenses": 0,
    "sellingAndMarketingExpenses": 0,
    "sellingGeneralAndAdministrativeExpenses": 0,
    "otherExpenses": -7846500000,
    "operatingExpenses": -7846500000,
    "costAndExpenses": -7846500000,
    "netInterestIncome": 0,
    "interestIncome": 0,
    "interestExpense": 0,
    "depreciationAndAmortization": 0,
    "ebitda": -5059600000,
    "ebit": -5059600000,
    "nonOperatingIncomeExcludingInterest": 0,
    "operatingIncome": -5059600000,
    "totalOtherIncomeExpensesNet": 0,
    "incomeBeforeTax": 0,
    "incomeTaxExpense": 0,
    "netIncomeFromContinuingOperations": 133100000,
    "netIncomeFromDiscontinuedOperations": 0,
    "otherAdjustmentsToNetIncome": 0,
    "netIncome": 133100000,
    "netIncomeDeductions": 0,
    "bottomLineNetIncome": 133100000,
    "eps": 0.0099,
    "epsDiluted": 0.0099,
    "weightedAverageShsOut": 13477488000,
    "weightedAverageShsOutDil": 13477488000
  },
  {
    "date": "1985-10-31",
    "symbol": "WMT",
    "reportedCurrency": "USD",
    "cik": "0000104169",
    "filingDate": "1985-10-31",
    "acceptedDate": "1985-10-30 19:00:00",
    "fiscalYear": "1986",
    "period": "Q3",
    "revenue": 2087500000,
    "costOfRevenue": 0,
    "grossProfit": 2087500000,
    "researchAndDevelopmentExpenses": 0,
    "generalAndAdministrativeExpenses": 0,
    "sellingAndMarketingExpenses": 0,
    "sellingGeneralAndAdministrativeExpenses": 0,
    "otherExpenses": 0,
    "operatingExpenses": 2087500000,
    "costAndExpenses": 2087500000,
    "netInterestIncome": 0,
    "interestIncome": 0,
    "interestExpense": 0,
    "depreciationAndAmortization": 0,
    "ebitda": 2087500000,
    "ebit": 2087500000,
    "nonOperatingIncomeExcludingInterest": 0,
    "operatingIncome": 2087500000,
    "totalOtherIncomeExpensesNet": -2087500000,
    "incomeBeforeTax": 0,
    "incomeTaxExpense": 0,
    "netIncomeFromContinuingOperations": 70900000,
    "netIncomeFromDiscontinuedOperations": 0,
    "otherAdjustmentsToNetIncome": 0,
    "netIncome": 70900000,
    "netIncomeDeductions": 0,
    "bottomLineNetIncome": 70900000,
    "eps": 0.0067,
    "epsDiluted": 0.0067,
    "weightedAverageShsOut": 13474272000,
    "weightedAverageShsOutDil": 13474272000
  }
]