[
  {
    "date": "2025-12-31",
    "symbol": "JNJ",
    "reportedCurrency": "USD",
    "cik": "0000200406",
    "filingDate": "2025-12-31",
    "acceptedDate": "2025-12-30 19:00:00",
    "fiscalYear": "2025",
    "period": "Q4",
    "revenue": 24564000000,
    "costOfRevenue": 3347000000,
    "grossProfit": 21217000000,
    "researchAndDevelopmentExpenses": 4252000000,
    "generalAndAdministrativeExpenses": 6953000000,
    "sellingAndMarketingExpenses": 0,
    "sellingGeneralAndAdministrativeExpenses": 6953000000,
    "otherExpenses": 4621000000,
    "operatingExpenses": 15826000000,
    "costAndExpenses": 19173000000,
    "netInterestIncome": 23000000,
    "interestIncome": 23000000,
    "interestExpense": 0,
    "depreciationAndAmortization": 0,
    "ebitda": 4436000000,
    "ebit": 4436000000,
    "nonOperatingIncomeExcludingInterest": 955000000,
    "operatingIncome": 5391000000,
    "totalOtherIncomeExpensesNet": -425000000,
    "incomeBeforeTax": 4966000000,
    "incomeTaxExpense": -150000000,
    "netIncomeFromContinuingOperations": 5116000000,
    "netIncomeFromDiscontinuedOperations": 0,
    "otherAdjustmentsToNetIncome": 0,
    "netIncome": 5116000000,
    "netIncomeDeductions": 0,
    "bottomLineNetIncome": 5116000000,
    "eps": 0,
    "epsDiluted": 2.1,
    "weightedAverageShsOut": 2428600000,
    "weightedAverageShsOutDil": 2439000000
  },
  {
    "date": "2025-09-28",
    "symbol": "JNJ",
    "reportedCurrency": "USD",
    "cik": "0000200406",
    "filingDate": "2025-10-22",
    "acceptedDate": "2025-10-22 16:04:17",
    "fiscalYear": "2025",
    "period": "Q3",
    "revenue": 23993000000,
    "costOfRevenue": 7303000000,
    "grossProfit": 16690000000,
    "researchAndDevelopmentExpenses": 3672000000,
    "generalAndAdministrativeExpenses": 5922000000,
    "sellingAndMarketingExpenses": 0,
    "sellingGeneralAndAdministrativeExpenses": 5922000000,
    "otherExpenses": 0,
    "operatingExpenses": 9594000000,
    "costAndExpenses": 16897000000,
    "netInterestIncome": 209000000,
    "interestIncome": 227000000,
    "interestExpense": 18000000,
    "depreciationAndAmortization": 1777000000,
    "ebitda": 9288000000,
    "ebit": 7511000000,
    "nonOperatingIncomeExcludingInterest": -415000000,
    "operatingIncome": 7096000000,
    "totalOtherIncomeExpensesNet": 397000000,
    "incomeBeforeTax": 7493000000,
    "incomeTaxExpense": 2341000000,
    "netIncomeFromContinuingOperations": 5152000000,
    "netIncomeFromDiscontinuedOperations": 0,
    "otherAdjustmentsToNetIncome": 0,
    "netIncome": 5152000000,
    "netIncomeDeductions": 0,
    "bottomLineNetIncome": 5152000000,
    "eps": 2.14,
    "epsDiluted": 2.12,
    "weightedAverageShsOut": 2428600000,
    "weightedAverageShsOutDil": 2428600000
  },
  {
    "date": "2025-06-29",
    "symbol": "JNJ",
    "reportedCurrency": "USD",
    "cik": "0000200406",
    "filingDate": "2025-07-24",
    "acceptedDate": "2025-07-24 16:04:24",
    "fiscalYear": "2025",
    "period": "Q2",
    "revenue": 23743000000,
    "costOfRevenue": 7628000000,
    "grossProfit": 16115000000,
    "researchAndDevelopmentExpenses": 3516000000,
    "generalAndAdministrativeExpenses": 5789000000,
    "sellingAndMarketingExpenses": 0,
    "sellingGeneralAndAdministrativeExpenses": 5789000000,
    "otherExpenses": 0,
    "operatingExpenses": 9305000000,
    "costAndExpenses": 16933000000,
    "netInterestIncome": -48000000,
    "interestIncome": 260000000,
    "interestExpense": 308000000,
    "depreciationAndAmortization": 1943000000,
    "ebitda": 8742000000,
    "ebit": 6799000000,
    "nonOperatingIncomeExcludingInterest": 11000000,
    "operatingIncome": 6810000000,
    "totalOtherIncomeExpensesNet": -319000000,
    "incomeBeforeTax": 6491000000,
    "incomeTaxExpense": 954000000,
    "netIncomeFromContinuingOperations": 5537000000,
    "netIncomeFromDiscontinuedOperations": 0,
    "otherAdjustmentsToNetIncome": 0,
    "netIncome": 5537000000,
    "netIncomeDeductions": 0,
    "bottomLineNetIncome": 5537000000,
    "eps": 2.29,
    "epsDiluted": 2.29,
    "weightedAverageShsOut": 2419100000,
    "weightedAverageShsOutDil": 2419100000
  },
  {
    "date": "2025-03-30",
    "symbol": "JNJ",
    "reportedCurrency": "USD",
    "cik": "0000200406",
    "filingDate": "2025-04-23",
    "acceptedDate": "2025-04-23 16:04:45",
    "fiscalYear": "2025",
    "period": "Q1",
    "revenue": 21893000000,
    "costOfRevenue": 7357000000,
    "grossProfit": 14536000000,
    "researchAndDevelopmentExpenses": 3225000000,
    "generalAndAdministrativeExpenses": 5012000000,
    "sellingAndMarketingExpenses": 0,
    "sellingGeneralAndAdministrativeExpenses": 5012000000,
    "otherExpenses": 0,
    "operatingExpenses": 8237000000,
    "costAndExpenses": 15594000000,
    "netInterestIncome": 128000000,
    "interestIncome": 332000000,
    "interestExpense": 204000000,
    "depreciationAndAmortization": 1772000000,
    "ebitda": 15607000000,
    "ebit": 13835000000,
    "nonOperatingIncomeExcludingInterest": -7536000000,
    "operatingIncome": 6299000000,
    "totalOtherIncomeExpensesNet": 7332000000,
    "incomeBeforeTax": 13631000000,
    "incomeTaxExpense": 2632000000,
    "netIncomeFromContinuingOperations": 10999000000,
    "netIncomeFromDiscontinuedOperations": 0,
    "otherAdjustmentsToNetIncome": 0,
    "netIncome": 10999000000,
    "netIncomeDeductions": 0,
    "bottomLineNetIncome": 10999000000,
    "eps": 4.57,
    "epsDiluted": 4.54,
    "weightedAverageShsOut": 2405625000,
    "weightedAverageShsOutDil": 2423800000
  },
  {
    "date": "2024-12-31",
    "symbol": "JNJ",
    "reportedCurrency": "USD",
    "cik": "0000200406",
    "filingDate": "2025-02-13",
    "acceptedDate": "2025-02-13 16:07:39",
    "fiscalYear": "2024",
    "period": "Q4",
    "revenue": 22520000000,
    "costOfRevenue": 7128000000,
    "grossProfit": 15392000000,
    "researchAndDevelopmentExpenses": 5298000000,
    "generalAndAdministrativeExpenses": 6253000000,
    "sellingAndMarketingExpenses": 0,
    "sellingGeneralAndAdministrativeExpenses": 6253000000,
    "otherExpenses": 0,
    "operatingExpenses": 11551000000,
    "costAndExpenses": 18679000000,
    "netInterestIncome": 144000000,
    "interestIncome": 281000000,
    "interestExpense": 137000000,
    "depreciationAndAmortization": 1896000000,
    "ebitda": 5920000000,
    "ebit": 4024000000,
    "nonOperatingIncomeExcludingInterest": -183000000,
    "operatingIncome": 3841000000,
    "totalOtherIncomeExpensesNet": 46000000,
    "incomeBeforeTax": 3887000000,
    "incomeTaxExpense": 456000000,
    "netIncomeFromContinuingOperations": 3431000000,
    "netIncomeFromDiscontinuedOperations": 0,
    "otherAdjustmentsToNetIncome": 0,
    "netIncome": 3431000000,
    "netIncomeDeductions": 0,
    "bottomLineNetIncome": 3431000000,
    "eps": 1.43,
    "epsDiluted": 1.41,
    "weightedAverageShsOut": 2406922000,
    "weightedAverageShsOutDil": 2427100000
  },
  {
    "date": "2024-09-29",
    "symbol": "JNJ",
    "reportedCurrency": "USD",
    "cik": "0000200406",
    "filingDate": "2024-10-23",
    "acceptedDate": "2024-10-23 16:02:27",
    "fiscalYear": "2024",
    "period": "Q3",
    "revenue": 22471000000,
    "costOfRevenue": 6963000000,
    "grossProfit": 15508000000,
    "researchAndDevelopmentExpenses": 4952000000,
    "generalAndAdministrativeExpenses": 5278000000,
    "sellingAndMarketingExpenses": 0,
    "sellingGeneralAndAdministrativeExpenses": 5278000000,
    "otherExpenses": 0,
    "operatingExpenses": 10230000000,
    "costAndExpenses": 17193000000,
    "netInterestIncome": 99000000,
    "interestIncome": 292000000,
    "interestExpense": 193000000,
    "depreciationAndAmortization": 1846000000,
    "ebitda": 5377000000,
    "ebit": 3531000000,
    "nonOperatingIncomeExcludingInterest": 1747000000,
    "operatingIncome": 5278000000,
    "totalOtherIncomeExpensesNet": -1940000000,
    "incomeBeforeTax": 3338000000,
    "incomeTaxExpense": 644000000,
    "netIncomeFromContinuingOperations": 2694000000,
    "netIncomeFromDiscontinuedOperations": 0,
    "otherAdjustmentsToNetIncome": 0,
    "netIncome": 2694000000,
    "netIncomeDeductions": 0,
    "bottomLineNetIncome": 2694000000,
    "eps": 1.12,
    "epsDiluted": 1.11,
    "weightedAverageShsOut": 2407298000,
    "weightedAverageShsOutDil": 2427900000
  },
  {
    "date": "2024-06-30",
    "symbol": "JNJ",
    "reportedCurrency": "USD",
    "cik": "0000200406",
    "filingDate": "2024-07-25",
    "acceptedDate": "2024-07-25 16:02:29",
    "fiscalYear": "2024",
    "period": "Q2",
    "revenue": 22447000000,
    "costOfRevenue": 6869000000,
    "grossProfit": 15578000000,
    "researchAndDevelopmentExpenses": 3440000000,
    "generalAndAdministrativeExpenses": 5481000000,
    "sellingAndMarketingExpenses": 0,
    "sellingGeneralAndAdministrativeExpenses": 5481000000,
    "otherExpenses": 0,
    "operatingExpenses": 8921000000,
    "costAndExpenses": 15790000000,
    "netInterestIncome": 125000000,
    "interestIncome": 395000000,
    "interestExpense": 270000000,
    "depreciationAndAmortization": 1782000000,
    "ebitda": 7800000000,
    "ebit": 6018000000,
    "nonOperatingIncomeExcludingInterest": 639000000,
    "operatingIncome": 6657000000,
    "totalOtherIncomeExpensesNet": -909000000,
    "incomeBeforeTax": 5748000000,
    "incomeTaxExpense": 1062000000,
    "netIncomeFromContinuingOperations": 4686000000,
    "netIncomeFromDiscontinuedOperations": 0,
    "otherAdjustmentsToNetIncome": 0,
    "netIncome": 4686000000,
    "netIncomeDeductions": 0,
    "bottomLineNetIncome": 4686000000,
    "eps": 1.95,
    "epsDiluted": 1.93,
    "weightedAverageShsOut": 2406800000,
    "weightedAverageShsOutDil": 2422000000
  },
  {
    "date": "2024-03-31",
    "symbol": "JNJ",
    "reportedCurrency": "USD",
    "cik": "0000200406",
    "filingDate": "2024-05-01",
    "acceptedDate": "2024-05-01 07:09:36",
    "fiscalYear": "2024",
    "period": "Q1",
    "revenue": 21383000000,
    "costOfRevenue": 6511000000,
    "grossProfit": 14872000000,
    "researchAndDevelopmentExpenses": 3542000000,
    "generalAndAdministrativeExpenses": 5057000000,
    "sellingAndMarketingExpenses": 0,
    "sellingGeneralAndAdministrativeExpenses": 5057000000,
    "otherExpenses": 0,
    "operatingExpenses": 8599000000,
    "costAndExpenses": 15110000000,
    "netInterestIncome": 209000000,
    "interestIncome": 364000000,
    "interestExpense": 155000000,
    "depreciationAndAmortization": 1815000000,
    "ebitda": 5684000000,
    "ebit": 3869000000,
    "nonOperatingIncomeExcludingInterest": 2404000000,
    "operatingIncome": 6273000000,
    "totalOtherIncomeExpensesNet": -2559000000,
    "incomeBeforeTax": 3714000000,
    "incomeTaxExpense": 459000000,
    "netIncomeFromContinuingOperations": 3255000000,
    "netIncomeFromDiscontinuedOperations": 0,
    "otherAdjustmentsToNetIncome": 0,
    "netIncome": 3255000000,
    "netIncomeDeductions": 0,
    "bottomLineNetIncome": 3255000000,
    "eps": 1.35,
    "epsDiluted": 1.34,
    "weightedAverageShsOut": 2408200000,
    "weightedAverageShsOutDil": 2430100000
  },
  {
    "date": "2023-12-31",
    "symbol": "JNJ",
    "reportedCurrency": "USD",
    "cik": "0000200406",
    "filingDate": "2024-02-16",
    "acceptedDate": "2024-02-16 16:12:22",
    "fiscalYear": "2023",
    "period": "Q4",
    "revenue": 21395000000,
    "costOfRevenue": 6798000000,
    "grossProfit": 14597000000,
    "researchAndDevelopmentExpenses": 4480000000,
    "generalAndAdministrativeExpenses": 5510000000,
    "sellingAndMarketingExpenses": 0,
    "sellingGeneralAndAdministrativeExpenses": 5510000000,
    "otherExpenses": 0,
    "operatingExpenses": 9990000000,
    "costAndExpenses": 16788000000,
    "netInterestIncome": 212000000,
    "interestIncome": 363000000,
    "interestExpense": 151000000,
    "depreciationAndAmortization": 1843000000,
    "ebitda": 6820000000,
    "ebit": 4977000000,
    "nonOperatingIncomeExcludingInterest": -370000000,
    "operatingIncome": 4607000000,
    "totalOtherIncomeExpensesNet": 219000000,
    "incomeBeforeTax": 4826000000,
    "incomeTaxExpense": 694000000,
    "netIncomeFromContinuingOperations": 4132000000,
    "netIncomeFromDiscontinuedOperations": -83000000,
    "otherAdjustmentsToNetIncome": 0,
    "netIncome": 4049000000,
    "netIncomeDeductions": 0,
    "bottomLineNetIncome": 4049000000,
    "eps": 1.68,
    "epsDiluted": 1.67,
    "weightedAverageShsOut": 2407200000,
    "weightedAverageShsOutDil": 2430700000
  },
  {
    "date": "2023-10-01",
    "symbol": "JNJ",
    "reportedCurrency": "USD",
    "cik": "0000200406",
    "filingDate": "2023-10-27",
    "acceptedDate": "2023-10-27 16:11:34",
    "fiscalYear": "2023",
    "period": "Q3",
    "revenue": 21351000000,
    "costOfRevenue": 6606000000,
    "grossProfit": 14745000000,
    "researchAndDevelopmentExpenses": 3447000000,
    "generalAndAdministrativeExpenses": 5100000000,
    "sellingAndMarketingExpenses": 0,
    "sellingGeneralAndAdministrativeExpenses": 5100000000,
    "otherExpenses": 0,
    "operatingExpenses": 8547000000,
    "costAndExpenses": 15153000000,
    "netInterestIncome": 182000000,
    "interestIncome": 374000000,
    "interestExpense": 192000000,
    "depreciationAndAmortization": 1829000000,
    "ebitda": 7238000000,
    "ebit": 5409000000,
    "nonOperatingIncomeExcludingInterest": 789000000,
    "operatingIncome": 6198000000,
    "totalOtherIncomeExpensesNet": -981000000,
    "incomeBeforeTax": 5217000000,
    "incomeTaxExpense": 908000000,
    "netIncomeFromContinuingOperations": 4309000000,
    "netIncomeFromDiscontinuedOperations": 21719000000,
    "otherAdjustmentsToNetIncome": 0,
    "netIncome": 26028000000,
    "netIncomeDeductions": 0,
    "bottomLineNetIncome": 26028000000,
    "eps": 10.32,
    "epsDiluted": 10.21,
    "weightedAverageShsOut": 2522900000,
    "weightedAverageShsOutDil": 2549700000
  },
  {
    "date": "2023-07-02",
    "symbol": "JNJ",
    "reportedCurrency": "USD",
    "cik": "0000200406",
    "filingDate": "2023-07-31",
    "acceptedDate": "2023-07-31 16:06:04",
    "fiscalYear": "2023",
    "period": "Q2",
    "revenue": 21519000000,
    "costOfRevenue": 6462000000,
    "grossProfit": 15057000000,
    "researchAndDevelopmentExpenses": 3703000000,
    "generalAndAdministrativeExpenses": 4996000000,
    "sellingAndMarketingExpenses": 0,
    "sellingGeneralAndAdministrativeExpenses": 4996000000,
    "otherExpenses": 0,
    "operatingExpenses": 8699000000,
    "costAndExpenses": 15161000000,
    "netInterestIncome": 109000000,
    "interestIncome": 326000000,
    "interestExpense": 217000000,
    "depreciationAndAmortization": 1934000000,
    "ebitda": 8457000000,
    "ebit": 6523000000,
    "nonOperatingIncomeExcludingInterest": -165000000,
    "operatingIncome": 6358000000,
    "totalOtherIncomeExpensesNet": -52000000,
    "incomeBeforeTax": 6306000000,
    "incomeTaxExpense": 930000000,
    "netIncomeFromContinuingOperations": 5376000000,
    "netIncomeFromDiscontinuedOperations": -232000000,
    "otherAdjustmentsToNetIncome": 0,
    "netIncome": 5144000000,
    "netIncomeDeductions": 0,
    "bottomLineNetIncome": 5144000000,
    "eps": 1.98,
    "epsDiluted": 1.96,
    "weightedAverageShsOut": 2598400000,
    "weightedAverageShsOutDil": 2625700000
  },
  {
    "date": "2023-04-02",
    "symbol": "JNJ",
    "reportedCurrency": "USD",
    "cik": "0000200406",
    "filingDate": "2023-04-28",
    "acceptedDate": "2023-04-28 16:07:02",
    "fiscalYear": "2023",
    "period": "Q1",
    "revenue": 20894000000,
    "costOfRevenue": 6687000000,
    "grossProfit": 14207000000,
    "researchAndDevelopmentExpenses": 3455000000,
    "generalAndAdministrativeExpenses": 4506000000,
    "sellingAndMarketingExpenses": 0,
    "sellingGeneralAndAdministrativeExpenses": 4506000000,
    "otherExpenses": 0,
    "operatingExpenses": 7961000000,
    "costAndExpenses": 14648000000,
    "netInterestIncome": -14000000,
    "interestIncome": 198000000,
    "interestExpense": 212000000,
    "depreciationAndAmortization": 1880000000,
    "ebitda": 805000000,
    "ebit": -1075000000,
    "nonOperatingIncomeExcludingInterest": 7321000000,
    "operatingIncome": 6246000000,
    "totalOtherIncomeExpensesNet": -7533000000,
    "incomeBeforeTax": -1287000000,
    "incomeTaxExpense": -796000000,
    "netIncomeFromContinuingOperations": -491000000,
    "netIncomeFromDiscontinuedOperations": 423000000,
    "otherAdjustmentsToNetIncome": 0,
    "netIncome": -68000000,
    "netIncomeDeductions": 0,
    "bottomLineNetIncome": -68000000,
    "eps": -0.03,
    "epsDiluted": -0.03,
    "weightedAverageShsOut": 2605500000,
    "weightedAverageShsOutDil": 2605500000
  },
  {
    "date": "2022-12-31",
    "symbol": "JNJ",
    "reportedCurrency": "USD",
    "cik": "0000200406",
    "filingDate": "2023-02-16",
    "acceptedDate": "2023-02-16 16:01:53",
    "fiscalYear": "2022",
    "period": "Q4",
    "revenue": 23706000000,
    "costOfRevenue": 7765000000,
    "grossProfit": 15941000000,
    "researchAndDevelopmentExpenses": 4624000000,
    "generalAndAdministrativeExpenses": 7412000000,
    "sellingAndMarketingExpenses": 0,
    "sellingGeneralAndAdministrativeExpenses": 7412000000,
    "otherExpenses": 0,
    "operatingExpenses": 12036000000,
    "costAndExpenses": 19801000000,
    "netInterestIncome": 77000000,
    "interestIncome": 254000000,
    "interestExpense": 177000000,
    "depreciationAndAmortization": 1772000000,
    "ebitda": 6150000000,
    "ebit": 4378000000,
    "nonOperatingIncomeExcludingInterest": -473000000,
    "operatingIncome": 3905000000,
    "totalOtherIncomeExpensesNet": 296000000,
    "incomeBeforeTax": 4201000000,
    "incomeTaxExpense": 681000000,
    "netIncomeFromContinuingOperations": 3520000000,
    "netIncomeFromDiscontinuedOperations": 0,
    "otherAdjustmentsToNetIncome": 0,
    "netIncome": 3520000000,
    "netIncomeDeductions": 0,
    "bottomLineNetIncome": 3520000000,
    "eps": 1.35,
    "epsDiluted": 1.33,
    "weightedAverageShsOut": 2613597000,
    "weightedAverageShsOutDil": 2663900000
  },
  {
    "date": "2022-10-02",
    "symbol": "JNJ",
    "reportedCurrency": "USD",
    "cik": "0000200406",
    "filingDate": "2022-10-27",
    "acceptedDate": "2022-10-27 16:02:59",
    "fiscalYear": "2022",
    "period": "Q3",
    "revenue": 19996000000,
    "costOfRevenue": 6172000000,
    "grossProfit": 13824000000,
    "researchAndDevelopmentExpenses": 3485000000,
    "generalAndAdministrativeExpenses": 4675000000,
    "sellingAndMarketingExpenses": 0,
    "sellingGeneralAndAdministrativeExpenses": 4675000000,
    "otherExpenses": 0,
    "operatingExpenses": 8160000000,
    "costAndExpenses": 14332000000,
    "netInterestIncome": 99000000,
    "interestIncome": 150000000,
    "interestExpense": 51000000,
    "depreciationAndAmortization": 1685000000,
    "ebitda": 6908000000,
    "ebit": 5223000000,
    "nonOperatingIncomeExcludingInterest": 441000000,
    "operatingIncome": 5664000000,
    "totalOtherIncomeExpensesNet": -492000000,
    "incomeBeforeTax": 5172000000,
    "incomeTaxExpense": 862000000,
    "netIncomeFromContinuingOperations": 4310000000,
    "netIncomeFromDiscontinuedOperations": 148000000,
    "otherAdjustmentsToNetIncome": 0,
    "netIncome": 4458000000,
    "netIncomeDeductions": 0,
    "bottomLineNetIncome": 4458000000,
    "eps": 1.7,
    "epsDiluted": 1.68,
    "weightedAverageShsOut": 2616882000,
    "weightedAverageShsOutDil": 2661300000
  },
  {
    "date": "2022-07-03",
    "symbol": "JNJ",
    "reportedCurrency": "USD",
    "cik": "0000200406",
    "filingDate": "2022-07-29",
    "acceptedDate": "2022-07-29 16:14:39",
    "fiscalYear": "2022",
    "period": "Q2",
    "revenue": 24020000000,
    "costOfRevenue": 7919000000,
    "grossProfit": 16101000000,
    "researchAndDevelopmentExpenses": 3703000000,
    "generalAndAdministrativeExpenses": 5926000000,
    "sellingAndMarketingExpenses": 0,
    "sellingGeneralAndAdministrativeExpenses": 5926000000,
    "otherExpenses": 0,
    "operatingExpenses": 9629000000,
    "costAndExpenses": 17548000000,
    "netInterestIncome": 26000000,
    "interestIncome": 64000000,
    "interestExpense": 38000000,
    "depreciationAndAmortization": 1744000000,
    "ebitda": 7622000000,
    "ebit": 5878000000,
    "nonOperatingIncomeExcludingInterest": 594000000,
    "operatingIncome": 6472000000,
    "totalOtherIncomeExpensesNet": -632000000,
    "incomeBeforeTax": 5840000000,
    "incomeTaxExpense": 1026000000,
    "netIncomeFromContinuingOperations": 4814000000,
    "netIncomeFromDiscontinuedOperations": 0,
    "otherAdjustmentsToNetIncome": 0,
    "netIncome": 4814000000,
    "netIncomeDeductions": 0,
    "bottomLineNetIncome": 4814000000,
    "eps": 1.83,
    "epsDiluted": 1.8,
    "weightedAverageShsOut": 2629032000,
    "weightedAverageShsOutDil": 2667900000
  },
  {
    "date": "2022-04-03",
    "symbol": "JNJ",
    "reportedCurrency": "USD",
    "cik": "0000200406",
    "filingDate": "2022-04-29",
    "acceptedDate": "2022-04-29 16:08:24",
    "fiscalYear": "2022",
    "period": "Q1",
    "revenue": 23426000000,
    "costOfRevenue": 7598000000,
    "grossProfit": 15828000000,
    "researchAndDevelopmentExpenses": 4072000000,
    "generalAndAdministrativeExpenses": 5638000000,
    "sellingAndMarketingExpenses": 0,
    "sellingGeneralAndAdministrativeExpenses": 5638000000,
    "otherExpenses": 0,
    "operatingExpenses": 9710000000,
    "costAndExpenses": 17308000000,
    "netInterestIncome": 12000000,
    "interestIncome": 22000000,
    "interestExpense": 10000000,
    "depreciationAndAmortization": 1769000000,
    "ebitda": 7641000000,
    "ebit": 5872000000,
    "nonOperatingIncomeExcludingInterest": 246000000,
    "operatingIncome": 6118000000,
    "totalOtherIncomeExpensesNet": -256000000,
    "incomeBeforeTax": 5862000000,
    "incomeTaxExpense": 713000000,
    "netIncomeFromContinuingOperations": 5149000000,
    "netIncomeFromDiscontinuedOperations": 0,
    "otherAdjustmentsToNetIncome": 0,
    "netIncome": 5149000000,
    "netIncomeDeductions": 0,
    "bottomLineNetIncome": 5149000000,
    "eps": 1.96,
    "epsDiluted": 1.93,
    "weightedAverageShsOut": 2629384000,
    "weightedAverageShsOutDil": 2666500000
  },
  {
    "date": "2021-12-31",
    "symbol": "JNJ",
    "reportedCurrency": "USD",
    "cik": "0000200406",
    "filingDate": "2022-02-17",
    "acceptedDate": "2022-02-17 16:06:50",
    "fiscalYear": "2021",
    "period": "Q4",
    "revenue": 24804000000,
    "costOfRevenue": 7955000000,
    "grossProfit": 16849000000,
    "researchAndDevelopmentExpenses": 4720000000,
    "generalAndAdministrativeExpenses": 7654000000,
    "sellingAndMarketingExpenses": 0,
    "sellingGeneralAndAdministrativeExpenses": 7654000000,
    "otherExpenses": 0,
    "operatingExpenses": 12374000000,
    "costAndExpenses": 20329000000,
    "netInterestIncome": -47000000,
    "interestIncome": 13000000,
    "interestExpense": 60000000,
    "depreciationAndAmortization": 1843000000,
    "ebitda": 6739000000,
    "ebit": 4896000000,
    "nonOperatingIncomeExcludingInterest": -421000000,
    "operatingIncome": 4475000000,
    "totalOtherIncomeExpensesNet": 361000000,
    "incomeBeforeTax": 4836000000,
    "incomeTaxExpense": 100000000,
    "netIncomeFromContinuingOperations": 4736000000,
    "netIncomeFromDiscontinuedOperations": 0,
    "otherAdjustmentsToNetIncome": 0,
    "netIncome": 4736000000,
    "netIncomeDeductions": 0,
    "bottomLineNetIncome": 4736000000,
    "eps": 1.8,
    "epsDiluted": 1.77,
    "weightedAverageShsOut": 2628965000,
    "weightedAverageShsOutDil": 2670200000
  },
  {
    "date": "2021-10-03",
    "symbol": "JNJ",
    "reportedCurrency": "USD",
    "cik": "0000200406",
    "filingDate": "2021-10-29",
    "acceptedDate": "2021-10-29 16:05:20",
    "fiscalYear": "2021",
    "period": "Q3",
    "revenue": 23338000000,
    "costOfRevenue": 7250000000,
    "grossProfit": 16088000000,
    "researchAndDevelopmentExpenses": 3422000000,
    "generalAndAdministrativeExpenses": 5800000000,
    "sellingAndMarketingExpenses": 0,
    "sellingGeneralAndAdministrativeExpenses": 5800000000,
    "otherExpenses": 0,
    "operatingExpenses": 9222000000,
    "costAndExpenses": 16472000000,
    "netInterestIncome": -7000000,
    "interestIncome": 13000000,
    "interestExpense": 20000000,
    "depreciationAndAmortization": 1814000000,
    "ebitda": 5683000000,
    "ebit": 3869000000,
    "nonOperatingIncomeExcludingInterest": 2997000000,
    "operatingIncome": 6866000000,
    "totalOtherIncomeExpensesNet": -3017000000,
    "incomeBeforeTax": 3849000000,
    "incomeTaxExpense": 182000000,
    "netIncomeFromContinuingOperations": 3667000000,
    "netIncomeFromDiscontinuedOperations": 0,
    "otherAdjustmentsToNetIncome": 0,
    "netIncome": 3667000000,
    "netIncomeDeductions": 0,
    "bottomLineNetIncome": 3667000000,
    "eps": 1.39,
    "epsDiluted": 1.37,
    "weightedAverageShsOut": 2632600000,
    "weightedAverageShsOutDil": 2674900000
  },
  {
    "date": "2021-07-04",
    "symbol": "JNJ",
    "reportedCurrency": "USD",
    "cik": "0000200406",
    "filingDate": "2021-07-29",
    "acceptedDate": "2021-07-29 16:07:51",
    "fiscalYear": "2021",
    "period": "Q2",
    "revenue": 23312000000,
    "costOfRevenue": 7587000000,
    "grossProfit": 15725000000,
    "researchAndDevelopmentExpenses": 3394000000,
    "generalAndAdministrativeExpenses": 5973000000,
    "sellingAndMarketingExpenses": 0,
    "sellingGeneralAndAdministrativeExpenses": 5973000000,
    "otherExpenses": 0,
    "operatingExpenses": 9367000000,
    "costAndExpenses": 16954000000,
    "netInterestIncome": -28000000,
    "interestIncome": 12000000,
    "interestExpense": 40000000,
    "depreciationAndAmortization": 1839000000,
    "ebitda": 8541000000,
    "ebit": 6702000000,
    "nonOperatingIncomeExcludingInterest": -344000000,
    "operatingIncome": 6358000000,
    "totalOtherIncomeExpensesNet": 304000000,
    "incomeBeforeTax": 6662000000,
    "incomeTaxExpense": 384000000,
    "netIncomeFromContinuingOperations": 6278000000,
    "netIncomeFromDiscontinuedOperations": 0,
    "otherAdjustmentsToNetIncome": 0,
    "netIncome": 6278000000,
    "netIncomeDeductions": 0,
    "bottomLineNetIncome": 6278000000,
    "eps": 2.38,
    "epsDiluted": 2.35,
    "weightedAverageShsOut": 2631989000,
    "weightedAverageShsOutDil": 2671600000
  },
  {
    "date": "2021-04-04",
    "symbol": "JNJ",
    "reportedCurrency": "USD",
    "cik": "0000200406",
    "filingDate": "2021-04-30",
    "acceptedDate": "2021-04-30 16:04:02",
    "fiscalYear": "2021",
    "period": "Q1",
    "revenue": 22321000000,
    "costOfRevenue": 7063000000,
    "grossProfit": 15258000000,
    "researchAndDevelopmentExpenses": 3178000000,
    "generalAndAdministrativeExpenses": 5232000000,
    "sellingAndMarketingExpenses": 0,
    "sellingGeneralAndAdministrativeExpenses": 5232000000,
    "otherExpenses": 0,
    "operatingExpenses": 8410000000,
    "costAndExpenses": 15473000000,
    "netInterestIncome": -48000000,
    "interestIncome": 15000000,
    "interestExpense": 63000000,
    "depreciationAndAmortization": 1894000000,
    "ebitda": 9386000000,
    "ebit": 7492000000,
    "nonOperatingIncomeExcludingInterest": -644000000,
    "operatingIncome": 6848000000,
    "totalOtherIncomeExpensesNet": 581000000,
    "incomeBeforeTax": 7429000000,
    "incomeTaxExpense": 1232000000,
    "netIncomeFromContinuingOperations": 6197000000,
    "netIncomeFromDiscontinuedOperations": 0,
    "otherAdjustmentsToNetIncome": 0,
    "netIncome": 6197000000,
    "netIncomeDeductions": 0,
    "bottomLineNetIncome": 6197000000,
    "eps": 2.35,
    "epsDiluted": 2.32,
    "weightedAverageShsOut": 2632702000,
    "weightedAverageShsOutDil": 2672700000
  },
  {
    "date": "2020-12-31",
    "symbol": "JNJ",
    "reportedCurrency": "USD",
    "cik": "0000200406",
    "filingDate": "2021-02-22",
    "acceptedDate": "2021-02-22 16:36:14",
    "fiscalYear": "2020",
    "period": "Q4",
    "revenue": 22475000000,
    "costOfRevenue": 7814000000,
    "grossProfit": 14661000000,
    "researchAndDevelopmentExpenses": 4032000000,
    "generalAndAdministrativeExpenses": 6457000000,
    "sellingAndMarketingExpenses": 0,
    "sellingGeneralAndAdministrativeExpenses": 6457000000,
    "otherExpenses": 0,
    "operatingExpenses": 10489000000,
    "costAndExpenses": 18303000000,
    "netInterestIncome": -74000000,
    "interestIncome": 13000000,
    "interestExpense": 87000000,
    "depreciationAndAmortization": 1940000000,
    "ebitda": 3674000000,
    "ebit": 1734000000,
    "nonOperatingIncomeExcludingInterest": 2438000000,
    "operatingIncome": 4172000000,
    "totalOtherIncomeExpensesNet": -2525000000,
    "incomeBeforeTax": 1647000000,
    "incomeTaxExpense": -91000000,
    "netIncomeFromContinuingOperations": 1738000000,
    "netIncomeFromDiscontinuedOperations": 0,
    "otherAdjustmentsToNetIncome": 0,
    "netIncome": 1738000000,
    "netIncomeDeductions": 0,
    "bottomLineNetIncome": 1738000000,
    "eps": 0.66,
    "epsDiluted": 0.65,
    "weightedAverageShsOut": 2632512000,
    "weightedAverageShsOutDil": 2669200000
  },
  {
    "date": "2020-09-27",
    "symbol": "JNJ",
    "reportedCurrency": "USD",
    "cik": "0000200406",
    "filingDate": "2020-10-23",
    "acceptedDate": "2020-10-23 16:06:01",
    "fiscalYear": "2020",
    "period": "Q3",
    "revenue": 21082000000,
    "costOfRevenue": 6972000000,
    "grossProfit": 14110000000,
    "researchAndDevelopmentExpenses": 2840000000,
    "generalAndAdministrativeExpenses": 5331000000,
    "sellingAndMarketingExpenses": 0,
    "sellingGeneralAndAdministrativeExpenses": 5331000000,
    "otherExpenses": 0,
    "operatingExpenses": 8171000000,
    "costAndExpenses": 15143000000,
    "netInterestIncome": -32000000,
    "interestIncome": 12000000,
    "interestExpense": 44000000,
    "depreciationAndAmortization": 1818000000,
    "ebitda": 6263000000,
    "ebit": 4445000000,
    "nonOperatingIncomeExcludingInterest": 1494000000,
    "operatingIncome": 5939000000,
    "totalOtherIncomeExpensesNet": -1538000000,
    "incomeBeforeTax": 4401000000,
    "incomeTaxExpense": 847000000,
    "netIncomeFromContinuingOperations": 3554000000,
    "netIncomeFromDiscontinuedOperations": 0,
    "otherAdjustmentsToNetIncome": 0,
    "netIncome": 3554000000,
    "netIncomeDeductions": 0,
    "bottomLineNetIncome": 3554000000,
    "eps": 1.35,
    "epsDiluted": 1.33,
    "weightedAverageShsOut": 2632167000,
    "weightedAverageShsOutDil": 2669300000
  },
  {
    "date": "2020-06-28",
    "symbol": "JNJ",
    "reportedCurrency": "USD",
    "cik": "0000200406",
    "filingDate": "2020-07-24",
    "acceptedDate": "2020-07-24 16:04:36",
    "fiscalYear": "2020",
    "period": "Q2",
    "revenue": 18336000000,
    "costOfRevenue": 6579000000,
    "grossProfit": 11757000000,
    "researchAndDevelopmentExpenses": 2707000000,
    "generalAndAdministrativeExpenses": 4893000000,
    "sellingAndMarketingExpenses": 0,
    "sellingGeneralAndAdministrativeExpenses": 4893000000,
    "otherExpenses": 0,
    "operatingExpenses": 7600000000,
    "costAndExpenses": 14179000000,
    "netInterestIncome": -26000000,
    "interestIncome": 19000000,
    "interestExpense": 45000000,
    "depreciationAndAmortization": 1726000000,
    "ebitda": 5711000000,
    "ebit": 3985000000,
    "nonOperatingIncomeExcludingInterest": 172000000,
    "operatingIncome": 4157000000,
    "totalOtherIncomeExpensesNet": -217000000,
    "incomeBeforeTax": 3940000000,
    "incomeTaxExpense": 314000000,
    "netIncomeFromContinuingOperations": 3626000000,
    "netIncomeFromDiscontinuedOperations": 0,
    "otherAdjustmentsToNetIncome": 0,
    "netIncome": 3626000000,
    "netIncomeDeductions": 0,
    "bottomLineNetIncome": 3626000000,
    "eps": 1.38,
    "epsDiluted": 1.36,
    "weightedAverageShsOut": 2632377000,
    "weightedAverageShsOutDil": 2665500000
  },
  {
    "date": "2020-03-29",
    "symbol": "JNJ",
    "reportedCurrency": "USD",
    "cik": "0000200406",
    "filingDate": "2020-04-29",
    "acceptedDate": "2020-04-29 16:46:01",
    "fiscalYear": "2020",
    "period": "Q1",
    "revenue": 20691000000,
    "costOfRevenue": 7062000000,
    "grossProfit": 13629000000,
    "researchAndDevelopmentExpenses": 2580000000,
    "generalAndAdministrativeExpenses": 5203000000,
    "sellingAndMarketingExpenses": 0,
    "sellingGeneralAndAdministrativeExpenses": 5203000000,
    "otherExpenses": 0,
    "operatingExpenses": 7783000000,
    "costAndExpenses": 14845000000,
    "netInterestIncome": 42000000,
    "interestIncome": 67000000,
    "interestExpense": 25000000,
    "depreciationAndAmortization": 1747000000,
    "ebitda": 8281000000,
    "ebit": 6534000000,
    "nonOperatingIncomeExcludingInterest": -688000000,
    "operatingIncome": 5846000000,
    "totalOtherIncomeExpensesNet": 663000000,
    "incomeBeforeTax": 6509000000,
    "incomeTaxExpense": 713000000,
    "netIncomeFromContinuingOperations": 5796000000,
    "netIncomeFromDiscontinuedOperations": 0,
    "otherAdjustmentsToNetIncome": 0,
    "netIncome": 5796000000,
    "netIncomeDeductions": 0,
    "bottomLineNetIncome": 5796000000,
    "eps": 2.2,
    "epsDiluted": 2.17,
    "weightedAverageShsOut": 2632392000,
    "weightedAverageShsOutDil": 2671000000
  },
  {
    "date": "2019-12-31",
    "symbol": "JNJ",
    "reportedCurrency": "USD",
    "cik": "0000200406",
    "filingDate": "2020-02-18",
    "acceptedDate": "2020-02-18 16:34:21",
    "fiscalYear": "2019",
    "period": "Q4",
    "revenue": 20747000000,
    "costOfRevenue": 7134000000,
    "grossProfit": 13613000000,
    "researchAndDevelopmentExpenses": 3232000000,
    "generalAndAdministrativeExpenses": 6039000000,
    "sellingAndMarketingExpenses": 0,
    "sellingGeneralAndAdministrativeExpenses": 6039000000,
    "otherExpenses": 0,
    "operatingExpenses": 9271000000,
    "costAndExpenses": 16405000000,
    "netInterestIncome": -4000000,
    "interestIncome": 81000000,
    "interestExpense": 85000000,
    "depreciationAndAmortization": 1816000000,
    "ebitda": 6119000000,
    "ebit": 4303000000,
    "nonOperatingIncomeExcludingInterest": 39000000,
    "operatingIncome": 4342000000,
    "totalOtherIncomeExpensesNet": -124000000,
    "incomeBeforeTax": 4218000000,
    "incomeTaxExpense": 208000000,
    "netIncomeFromContinuingOperations": 4010000000,
    "netIncomeFromDiscontinuedOperations": 0,
    "otherAdjustmentsToNetIncome": 0,
    "netIncome": 4010000000,
    "netIncomeDeductions": 0,
    "bottomLineNetIncome": 4010000000,
    "eps": 1.52,
    "epsDiluted": 1.5,
    "weightedAverageShsOut": 2632507000,
    "weightedAverageShsOutDil": 2669100000
  },
  {
    "date": "2019-09-29",
    "symbol": "JNJ",
    "reportedCurrency": "USD",
    "cik": "0000200406",
    "filingDate": "2019-10-28",
    "acceptedDate": "2019-10-28 16:56:09",
    "fiscalYear": "2019",
    "period": "Q3",
    "revenue": 20729000000,
    "costOfRevenue": 6867000000,
    "grossProfit": 13862000000,
    "researchAndDevelopmentExpenses": 2599000000,
    "generalAndAdministrativeExpenses": 5374000000,
    "sellingAndMarketingExpenses": 0,
    "sellingGeneralAndAdministrativeExpenses": 5374000000,
    "otherExpenses": 0,
    "operatingExpenses": 7973000000,
    "costAndExpenses": 14840000000,
    "netInterestIncome": 41000000,
    "interestIncome": 89000000,
    "interestExpense": 48000000,
    "depreciationAndAmortization": 1727000000,
    "ebitda": 3422000000,
    "ebit": 1695000000,
    "nonOperatingIncomeExcludingInterest": 4194000000,
    "operatingIncome": 5889000000,
    "totalOtherIncomeExpensesNet": -4242000000,
    "incomeBeforeTax": 1647000000,
    "incomeTaxExpense": -106000000,
    "netIncomeFromContinuingOperations": 1753000000,
    "netIncomeFromDiscontinuedOperations": 0,
    "otherAdjustmentsToNetIncome": 0,
    "netIncome": 1753000000,
    "netIncomeDeductions": 0,
    "bottomLineNetIncome": 1753000000,
    "eps": 1.84,
    "epsDiluted": 1.81,
    "weightedAverageShsOut": 2630961000,
    "weightedAverageShsOutDil": 2669900000
  },
  {
    "date": "2019-06-30",
    "symbol": "JNJ",
    "reportedCurrency": "USD",
    "cik": "0000200406",
    "filingDate": "2019-07-29",
    "acceptedDate": "2019-07-29 16:15:43",
    "fiscalYear": "2019",
    "period": "Q2",
    "revenue": 20562000000,
    "costOfRevenue": 6940000000,
    "grossProfit": 13622000000,
    "researchAndDevelopmentExpenses": 2666000000,
    "generalAndAdministrativeExpenses": 5546000000,
    "sellingAndMarketingExpenses": 0,
    "sellingGeneralAndAdministrativeExpenses": 5546000000,
    "otherExpenses": 0,
    "operatingExpenses": 8212000000,
    "costAndExpenses": 15152000000,
    "netInterestIncome": 5000000,
    "interestIncome": 88000000,
    "interestExpense": 83000000,
    "depreciationAndAmortization": 1705000000,
    "ebitda": 8829000000,
    "ebit": 7124000000,
    "nonOperatingIncomeExcludingInterest": -1714000000,
    "operatingIncome": 5410000000,
    "totalOtherIncomeExpensesNet": 1631000000,
    "incomeBeforeTax": 7041000000,
    "incomeTaxExpense": 1434000000,
    "netIncomeFromContinuingOperations": 5607000000,
    "netIncomeFromDiscontinuedOperations": 0,
    "otherAdjustmentsToNetIncome": 0,
    "netIncome": 5607000000,
    "netIncomeDeductions": 0,
    "bottomLineNetIncome": 5607000000,
    "eps": 2.12,
    "epsDiluted": 2.08,
    "weightedAverageShsOut": 2642065000,
    "weightedAverageShsOutDil": 2691700000
  },
  {
    "date": "2019-03-31",
    "symbol": "JNJ",
    "reportedCurrency": "USD",
    "cik": "0000200406",
    "filingDate": "2019-05-01",
    "acceptedDate": "2019-05-01 16:33:42",
    "fiscalYear": "2019",
    "period": "Q1",
    "revenue": 20021000000,
    "costOfRevenue": 6615000000,
    "grossProfit": 13406000000,
    "researchAndDevelopmentExpenses": 2858000000,
    "generalAndAdministrativeExpenses": 5219000000,
    "sellingAndMarketingExpenses": 0,
    "sellingGeneralAndAdministrativeExpenses": 5219000000,
    "otherExpenses": 0,
    "operatingExpenses": 8077000000,
    "costAndExpenses": 14692000000,
    "netInterestIncome": -3000000,
    "interestIncome": 99000000,
    "interestExpense": 102000000,
    "depreciationAndAmortization": 1761000000,
    "ebitda": 6285000000,
    "ebit": 4524000000,
    "nonOperatingIncomeExcludingInterest": 805000000,
    "operatingIncome": 5329000000,
    "totalOtherIncomeExpensesNet": -907000000,
    "incomeBeforeTax": 4422000000,
    "incomeTaxExpense": 673000000,
    "netIncomeFromContinuingOperations": 3749000000,
    "netIncomeFromDiscontinuedOperations": 0,
    "otherAdjustmentsToNetIncome": 0,
    "netIncome": 3749000000,
    "netIncomeDeductions": 0,
    "bottomLineNetIncome": 3749000000,
    "eps": 1.41,
    "epsDiluted": 1.39,
    "weightedAverageShsOut": 2655636000,
    "weightedAverageShsOutDil": 2698800000
  },
  {
    "date": "2018-12-31",
    "symbol": "JNJ",
    "reportedCurrency": "USD",
    "cik": "0000200406",
    "filingDate": "2019-02-20",
    "acceptedDate": "2019-02-20 16:40:34",
    "fiscalYear": "2018",
    "period": "Q4",
    "revenue": 20394000000,
    "costOfRevenue": 6961000000,
    "grossProfit": 13433000000,
    "researchAndDevelopmentExpenses": 3224000000,
    "generalAndAdministrativeExpenses": 5991000000,
    "sellingAndMarketingExpenses": 0,
    "sellingGeneralAndAdministrativeExpenses": 5991000000,
    "otherExpenses": 0,
    "operatingExpenses": 9215000000,
    "costAndExpenses": 16176000000,
    "netInterestIncome": -54000000,
    "interestIncome": 196000000,
    "interestExpense": 250000000,
    "depreciationAndAmortization": 1735000000,
    "ebitda": 5107000000,
    "ebit": 3372000000,
    "nonOperatingIncomeExcludingInterest": 846000000,
    "operatingIncome": 4218000000,
    "totalOtherIncomeExpensesNet": -1096000000,
    "incomeBeforeTax": 3122000000,
    "incomeTaxExpense": 80000000,
    "netIncomeFromContinuingOperations": 3042000000,
    "netIncomeFromDiscontinuedOperations": 0,
    "otherAdjustmentsToNetIncome": 0,
    "netIncome": 3042000000,
    "netIncomeDeductions": 0,
    "bottomLineNetIncome": 3042000000,
    "eps": 1.12,
    "epsDiluted": 1.12,
    "weightedAverageShsOut": 2724000000,
    "weightedAverageShsOutDil": 2724000000
  },
  {
    "date": "2018-09-30",
    "symbol": "JNJ",
    "reportedCurrency": "USD",
    "cik": "0000200406",
    "filingDate": "2018-10-31",
    "acceptedDate": "2018-10-31 16:12:26",
    "fiscalYear": "2018",
    "period": "Q3",
    "revenue": 20348000000,
    "costOfRevenue": 6589000000,
    "grossProfit": 13759000000,
    "researchAndDevelopmentExpenses": 2508000000,
    "generalAndAdministrativeExpenses": 5543000000,
    "sellingAndMarketingExpenses": 0,
    "sellingGeneralAndAdministrativeExpenses": 5543000000,
    "otherExpenses": 0,
    "operatingExpenses": 8051000000,
    "costAndExpenses": 14640000000,
    "netInterestIncome": -68000000,
    "interestIncome": 175000000,
    "interestExpense": 243000000,
    "depreciationAndAmortization": 1731000000,
    "ebitda": 6397000000,
    "ebit": 4666000000,
    "nonOperatingIncomeExcludingInterest": 1042000000,
    "operatingIncome": 5708000000,
    "totalOtherIncomeExpensesNet": -1285000000,
    "incomeBeforeTax": 4423000000,
    "incomeTaxExpense": 489000000,
    "netIncomeFromContinuingOperations": 3934000000,
    "netIncomeFromDiscontinuedOperations": 0,
    "otherAdjustmentsToNetIncome": 0,
    "netIncome": 3934000000,
    "netIncomeDeductions": 0,
    "bottomLineNetIncome": 3934000000,
    "eps": 1.47,
    "epsDiluted": 1.44,
    "weightedAverageShsOut": 2683155000,
    "weightedAverageShsOutDil": 2727600000
  },
  {
    "date": "2018-07-01",
    "symbol": "JNJ",
    "reportedCurrency": "USD",
    "cik": "0000200406",
    "filingDate": "2018-08-02",
    "acceptedDate": "2018-08-01 20:08:32",
    "fiscalYear": "2018",
    "period": "Q2",
    "revenue": 20830000000,
    "costOfRevenue": 6927000000,
    "grossProfit": 13903000000,
    "researchAndDevelopmentExpenses": 2639000000,
    "generalAndAdministrativeExpenses": 5743000000,
    "sellingAndMarketingExpenses": 0,
    "sellingGeneralAndAdministrativeExpenses": 5743000000,
    "otherExpenses": 0,
    "operatingExpenses": 8382000000,
    "costAndExpenses": 15309000000,
    "netInterestIncome": -127000000,
    "interestIncome": 126000000,
    "interestExpense": 253000000,
    "depreciationAndAmortization": 1717000000,
    "ebitda": 6943000000,
    "ebit": 5226000000,
    "nonOperatingIncomeExcludingInterest": 295000000,
    "operatingIncome": 5521000000,
    "totalOtherIncomeExpensesNet": -548000000,
    "incomeBeforeTax": 4973000000,
    "incomeTaxExpense": 1019000000,
    "netIncomeFromContinuingOperations": 3954000000,
    "netIncomeFromDiscontinuedOperations": 0,
    "otherAdjustmentsToNetIncome": 0,
    "netIncome": 3954000000,
    "netIncomeDeductions": 0,
    "bottomLineNetIncome": 3954000000,
    "eps": 1.47,
    "epsDiluted": 1.45,
    "weightedAverageShsOut": 2682301000,
    "weightedAverageShsOutDil": 2721300000
  },
  {
    "date": "2018-04-01",
    "symbol": "JNJ",
    "reportedCurrency": "USD",
    "cik": "0000200406",
    "filingDate": "2018-05-01",
    "acceptedDate": "2018-05-01 16:35:56",
    "fiscalYear": "2018",
    "period": "Q1",
    "revenue": 20009000000,
    "costOfRevenue": 6614000000,
    "grossProfit": 13395000000,
    "researchAndDevelopmentExpenses": 2404000000,
    "generalAndAdministrativeExpenses": 5263000000,
    "sellingAndMarketingExpenses": 0,
    "sellingGeneralAndAdministrativeExpenses": 5263000000,
    "otherExpenses": 0,
    "operatingExpenses": 7667000000,
    "costAndExpenses": 14281000000,
    "netInterestIncome": -145000000,
    "interestIncome": 114000000,
    "interestExpense": 259000000,
    "depreciationAndAmortization": 1746000000,
    "ebitda": 7486000000,
    "ebit": 5740000000,
    "nonOperatingIncomeExcludingInterest": -12000000,
    "operatingIncome": 5728000000,
    "totalOtherIncomeExpensesNet": -247000000,
    "incomeBeforeTax": 5481000000,
    "incomeTaxExpense": 1114000000,
    "netIncomeFromContinuingOperations": 4367000000,
    "netIncomeFromDiscontinuedOperations": 0,
    "otherAdjustmentsToNetIncome": 0,
    "netIncome": 4367000000,
    "netIncomeDeductions": 0,
    "bottomLineNetIncome": 4367000000,
    "eps": 1.63,
    "epsDiluted": 1.6,
    "weightedAverageShsOut": 2682189000,
    "weightedAverageShsOutDil": 2731900000
  },
  {
    "date": "2017-12-31",
    "symbol": "JNJ",
    "reportedCurrency": "USD",
    "cik": "0000200406",
    "filingDate": "2018-02-21",
    "acceptedDate": "2018-02-21 16:49:20",
    "fiscalYear": "2017",
    "period": "Q4",
    "revenue": 20195000000,
    "costOfRevenue": 7243000000,
    "grossProfit": 12952000000,
    "researchAndDevelopmentExpenses": 3635000000,
    "generalAndAdministrativeExpenses": 6025000000,
    "sellingAndMarketingExpenses": 0,
    "sellingGeneralAndAdministrativeExpenses": 6025000000,
    "otherExpenses": 0,
    "operatingExpenses": 9660000000,
    "costAndExpenses": 16903000000,
    "netInterestIncome": -189000000,
    "interestIncome": 85000000,
    "interestExpense": 274000000,
    "depreciationAndAmortization": 1869000000,
    "ebitda": 4703000000,
    "ebit": 2834000000,
    "nonOperatingIncomeExcludingInterest": 458000000,
    "operatingIncome": 3292000000,
    "totalOtherIncomeExpensesNet": -732000000,
    "incomeBeforeTax": 2560000000,
    "incomeTaxExpense": 13273000000,
    "netIncomeFromContinuingOperations": -10713000000,
    "netIncomeFromDiscontinuedOperations": 0,
    "otherAdjustmentsToNetIncome": 0,
    "netIncome": -10713000000,
    "netIncomeDeductions": 0,
    "bottomLineNetIncome": -10713000000,
    "eps": -3.99,
    "epsDiluted": -3.99,
    "weightedAverageShsOut": 2684900000,
    "weightedAverageShsOutDil": 2684900000
  },
  {
    "date": "2017-10-01",
    "symbol": "JNJ",
    "reportedCurrency": "USD",
    "cik": "0000200406",
    "filingDate": "2017-11-02",
    "acceptedDate": "2017-11-02 16:13:40",
    "fiscalYear": "2017",
    "period": "Q3",
    "revenue": 19650000000,
    "costOfRevenue": 6925000000,
    "grossProfit": 12725000000,
    "researchAndDevelopmentExpenses": 2585000000,
    "generalAndAdministrativeExpenses": 5423000000,
    "sellingAndMarketingExpenses": 0,
    "sellingGeneralAndAdministrativeExpenses": 5423000000,
    "otherExpenses": 0,
    "operatingExpenses": 8008000000,
    "costAndExpenses": 14933000000,
    "netInterestIncome": -155000000,
    "interestIncome": 74000000,
    "interestExpense": 229000000,
    "depreciationAndAmortization": 1711000000,
    "ebitda": 6730000000,
    "ebit": 5019000000,
    "nonOperatingIncomeExcludingInterest": -302000000,
    "operatingIncome": 4717000000,
    "totalOtherIncomeExpensesNet": 73000000,
    "incomeBeforeTax": 4790000000,
    "incomeTaxExpense": 1026000000,
    "netIncomeFromContinuingOperations": 3764000000,
    "netIncomeFromDiscontinuedOperations": 0,
    "otherAdjustmentsToNetIncome": 0,
    "netIncome": 3764000000,
    "netIncomeDeductions": 0,
    "bottomLineNetIncome": 3764000000,
    "eps": 1.4,
    "epsDiluted": 1.37,
    "weightedAverageShsOut": 2684982000,
    "weightedAverageShsOutDil": 2737700000
  },
  {
    "date": "2017-07-02",
    "symbol": "JNJ",
    "reportedCurrency": "USD",
    "cik": "0000200406",
    "filingDate": "2017-08-03",
    "acceptedDate": "2017-08-03 16:30:16",
    "fiscalYear": "2017",
    "period": "Q2",
    "revenue": 18839000000,
    "costOfRevenue": 5846000000,
    "grossProfit": 12993000000,
    "researchAndDevelopmentExpenses": 2296000000,
    "generalAndAdministrativeExpenses": 5289000000,
    "sellingAndMarketingExpenses": 0,
    "sellingGeneralAndAdministrativeExpenses": 5289000000,
    "otherExpenses": 0,
    "operatingExpenses": 7585000000,
    "costAndExpenses": 13431000000,
    "netInterestIncome": -122000000,
    "interestIncome": 105000000,
    "interestExpense": 227000000,
    "depreciationAndAmortization": 1150000000,
    "ebitda": 6125000000,
    "ebit": 4975000000,
    "nonOperatingIncomeExcludingInterest": 433000000,
    "operatingIncome": 5408000000,
    "totalOtherIncomeExpensesNet": -660000000,
    "incomeBeforeTax": 4748000000,
    "incomeTaxExpense": 921000000,
    "netIncomeFromContinuingOperations": 3827000000,
    "netIncomeFromDiscontinuedOperations": 0,
    "otherAdjustmentsToNetIncome": 0,
    "netIncome": 3827000000,
    "netIncomeDeductions": 0,
    "bottomLineNetIncome": 3827000000,
    "eps": 1.42,
    "epsDiluted": 1.4,
    "weightedAverageShsOut": 2685190000,
    "weightedAverageShsOutDil": 2741500000
  },
  {
    "date": "2017-04-02",
    "symbol": "JNJ",
    "reportedCurrency": "USD",
    "cik": "0000200406",
    "filingDate": "2017-05-08",
    "acceptedDate": "2017-05-08 16:19:31",
    "fiscalYear": "2017",
    "period": "Q1",
    "revenue": 17766000000,
    "costOfRevenue": 5409000000,
    "grossProfit": 12357000000,
    "researchAndDevelopmentExpenses": 2070000000,
    "generalAndAdministrativeExpenses": 4763000000,
    "sellingAndMarketingExpenses": 0,
    "sellingGeneralAndAdministrativeExpenses": 4763000000,
    "otherExpenses": 0,
    "operatingExpenses": 6833000000,
    "costAndExpenses": 12242000000,
    "netInterestIncome": -83000000,
    "interestIncome": 121000000,
    "interestExpense": 204000000,
    "depreciationAndAmortization": 912000000,
    "ebitda": 6691000000,
    "ebit": 5779000000,
    "nonOperatingIncomeExcludingInterest": -255000000,
    "operatingIncome": 5524000000,
    "totalOtherIncomeExpensesNet": 51000000,
    "incomeBeforeTax": 5575000000,
    "incomeTaxExpense": 1153000000,
    "netIncomeFromContinuingOperations": 4422000000,
    "netIncomeFromDiscontinuedOperations": 0,
    "otherAdjustmentsToNetIncome": 0,
    "netIncome": 4422000000,
    "netIncomeDeductions": 0,
    "bottomLineNetIncome": 4422000000,
    "eps": 1.63,
    "epsDiluted": 1.61,
    "weightedAverageShsOut": 2694909000,
    "weightedAverageShsOutDil": 2754500000
  },
  {
    "date": "2016-12-31",
    "symbol": "JNJ",
    "reportedCurrency": "USD",
    "cik": "0000200406",
    "filingDate": "2017-02-27",
    "acceptedDate": "2017-02-27 16:52:48",
    "fiscalYear": "2016",
    "period": "Q4",
    "revenue": 18106000000,
    "costOfRevenue": 5534000000,
    "grossProfit": 12572000000,
    "researchAndDevelopmentExpenses": 2640000000,
    "generalAndAdministrativeExpenses": 5309000000,
    "sellingAndMarketingExpenses": 0,
    "sellingGeneralAndAdministrativeExpenses": 5309000000,
    "otherExpenses": 0,
    "operatingExpenses": 7949000000,
    "costAndExpenses": 13483000000,
    "netInterestIncome": -84000000,
    "interestIncome": 100000000,
    "interestExpense": 184000000,
    "depreciationAndAmortization": 1055000000,
    "ebitda": 5563000000,
    "ebit": 4508000000,
    "nonOperatingIncomeExcludingInterest": 115000000,
    "operatingIncome": 4623000000,
    "totalOtherIncomeExpensesNet": -299000000,
    "incomeBeforeTax": 4324000000,
    "incomeTaxExpense": 510000000,
    "netIncomeFromContinuingOperations": 3814000000,
    "netIncomeFromDiscontinuedOperations": 0,
    "otherAdjustmentsToNetIncome": 0,
    "netIncome": 3814000000,
    "netIncomeDeductions": 0,
    "bottomLineNetIncome": 3814000000,
    "eps": 1.4,
    "epsDiluted": 1.38,
    "weightedAverageShsOut": 2706511000,
    "weightedAverageShsOutDil": 2764500000
  },
  {
    "date": "2016-10-02",
    "symbol": "JNJ",
    "reportedCurrency": "USD",
    "cik": "0000200406",
    "filingDate": "2016-11-04",
    "acceptedDate": "2016-11-04 16:03:27",
    "fiscalYear": "2016",
    "period": "Q3",
    "revenue": 17820000000,
    "costOfRevenue": 5486000000,
    "grossProfit": 12334000000,
    "researchAndDevelopmentExpenses": 2178000000,
    "generalAndAdministrativeExpenses": 4772000000,
    "sellingAndMarketingExpenses": 0,
    "sellingGeneralAndAdministrativeExpenses": 4772000000,
    "otherExpenses": 0,
    "operatingExpenses": 6950000000,
    "costAndExpenses": 12436000000,
    "netInterestIncome": -95000000,
    "interestIncome": 97000000,
    "interestExpense": 192000000,
    "depreciationAndAmortization": 908000000,
    "ebitda": 6381000000,
    "ebit": 5473000000,
    "nonOperatingIncomeExcludingInterest": -89000000,
    "operatingIncome": 5384000000,
    "totalOtherIncomeExpensesNet": -103000000,
    "incomeBeforeTax": 5281000000,
    "incomeTaxExpense": 1009000000,
    "netIncomeFromContinuingOperations": 4272000000,
    "netIncomeFromDiscontinuedOperations": 0,
    "otherAdjustmentsToNetIncome": 0,
    "netIncome": 4272000000,
    "netIncomeDeductions": 0,
    "bottomLineNetIncome": 4272000000,
    "eps": 1.56,
    "epsDiluted": 1.53,
    "weightedAverageShsOut": 2722584000,
    "weightedAverageShsOutDil": 2785400000
  },
  {
    "date": "2016-07-03",
    "symbol": "JNJ",
    "reportedCurrency": "USD",
    "cik": "0000200406",
    "filingDate": "2016-08-04",
    "acceptedDate": "2016-08-04 16:08:40",
    "fiscalYear": "2016",
    "period": "Q2",
    "revenue": 18482000000,
    "costOfRevenue": 5336000000,
    "grossProfit": 13146000000,
    "researchAndDevelopmentExpenses": 2264000000,
    "generalAndAdministrativeExpenses": 5176000000,
    "sellingAndMarketingExpenses": 0,
    "sellingGeneralAndAdministrativeExpenses": 5176000000,
    "otherExpenses": 0,
    "operatingExpenses": 7440000000,
    "costAndExpenses": 12776000000,
    "netInterestIncome": -102000000,
    "interestIncome": 88000000,
    "interestExpense": 190000000,
    "depreciationAndAmortization": 900000000,
    "ebitda": 5994000000,
    "ebit": 5094000000,
    "nonOperatingIncomeExcludingInterest": 612000000,
    "operatingIncome": 5706000000,
    "totalOtherIncomeExpensesNet": -802000000,
    "incomeBeforeTax": 4904000000,
    "incomeTaxExpense": 907000000,
    "netIncomeFromContinuingOperations": 3997000000,
    "netIncomeFromDiscontinuedOperations": 0,
    "otherAdjustmentsToNetIncome": 0,
    "netIncome": 3997000000,
    "netIncomeDeductions": 0,
    "bottomLineNetIncome": 3997000000,
    "eps": 1.45,
    "epsDiluted": 1.43,
    "weightedAverageShsOut": 2737654000,
    "weightedAverageShsOutDil": 2794200000
  },
  {
    "date": "2016-04-03",
    "symbol": "JNJ",
    "reportedCurrency": "USD",
    "cik": "0000200406",
    "filingDate": "2016-05-10",
    "acceptedDate": "2016-05-09 17:52:06",
    "fiscalYear": "2016",
    "period": "Q1",
    "revenue": 17482000000,
    "costOfRevenue": 5329000000,
    "grossProfit": 12153000000,
    "researchAndDevelopmentExpenses": 2013000000,
    "generalAndAdministrativeExpenses": 4688000000,
    "sellingAndMarketingExpenses": 0,
    "sellingGeneralAndAdministrativeExpenses": 4688000000,
    "otherExpenses": 0,
    "operatingExpenses": 6701000000,
    "costAndExpenses": 12030000000,
    "netInterestIncome": -77000000,
    "interestIncome": 83000000,
    "interestExpense": 160000000,
    "depreciationAndAmortization": 891000000,
    "ebitda": 6345000000,
    "ebit": 5454000000,
    "nonOperatingIncomeExcludingInterest": -2000000,
    "operatingIncome": 5452000000,
    "totalOtherIncomeExpensesNet": -158000000,
    "incomeBeforeTax": 5294000000,
    "incomeTaxExpense": 837000000,
    "netIncomeFromContinuingOperations": 4457000000,
    "netIncomeFromDiscontinuedOperations": 0,
    "otherAdjustmentsToNetIncome": 0,
    "netIncome": 4457000000,
    "netIncomeDeductions": 0,
    "bottomLineNetIncome": 4457000000,
    "eps": 1.56,
    "epsDiluted": 1.54,
    "weightedAverageShsOut": 2751705000,
    "weightedAverageShsOutDil": 2795400000
  },
  {
    "date": "2015-12-31",
    "symbol": "JNJ",
    "reportedCurrency": "USD",
    "cik": "0000200406",
    "filingDate": "2016-02-24",
    "acceptedDate": "2016-02-24 16:58:53",
    "fiscalYear": "2015",
    "period": "Q4",
    "revenue": 17811000000,
    "costOfRevenue": 5673000000,
    "grossProfit": 12138000000,
    "researchAndDevelopmentExpenses": 2864000000,
    "generalAndAdministrativeExpenses": 5891000000,
    "sellingAndMarketingExpenses": 0,
    "sellingGeneralAndAdministrativeExpenses": 5891000000,
    "otherExpenses": 0,
    "operatingExpenses": 8755000000,
    "costAndExpenses": 14428000000,
    "netInterestIncome": -107000000,
    "interestIncome": 53000000,
    "interestExpense": 160000000,
    "depreciationAndAmortization": 1033000000,
    "ebitda": 4951000000,
    "ebit": 3918000000,
    "nonOperatingIncomeExcludingInterest": -535000000,
    "operatingIncome": 3383000000,
    "totalOtherIncomeExpensesNet": 375000000,
    "incomeBeforeTax": 3758000000,
    "incomeTaxExpense": 543000000,
    "netIncomeFromContinuingOperations": 3215000000,
    "netIncomeFromDiscontinuedOperations": 0,
    "otherAdjustmentsToNetIncome": 0,
    "netIncome": 3215000000,
    "netIncomeDeductions": 0,
    "bottomLineNetIncome": 3215000000,
    "eps": 1.16,
    "epsDiluted": 1.15,
    "weightedAverageShsOut": 2755162000,
    "weightedAverageShsOutDil": 2803300000
  },
  {
    "date": "2015-09-27",
    "symbol": "JNJ",
    "reportedCurrency": "USD",
    "cik": "0000200406",
    "filingDate": "2015-10-30",
    "acceptedDate": "2015-10-30 16:03:39",
    "fiscalYear": "2015",
    "period": "Q3",
    "revenue": 17102000000,
    "costOfRevenue": 5224000000,
    "grossProfit": 11878000000,
    "researchAndDevelopmentExpenses": 2154000000,
    "generalAndAdministrativeExpenses": 5081000000,
    "sellingAndMarketingExpenses": 0,
    "sellingGeneralAndAdministrativeExpenses": 5081000000,
    "otherExpenses": 0,
    "operatingExpenses": 7235000000,
    "costAndExpenses": 12459000000,
    "netInterestIncome": -91000000,
    "interestIncome": 32000000,
    "interestExpense": 123000000,
    "depreciationAndAmortization": 929000000,
    "ebitda": 5174000000,
    "ebit": 4245000000,
    "nonOperatingIncomeExcludingInterest": 398000000,
    "operatingIncome": 4643000000,
    "totalOtherIncomeExpensesNet": -521000000,
    "incomeBeforeTax": 4122000000,
    "incomeTaxExpense": 764000000,
    "netIncomeFromContinuingOperations": 3358000000,
    "netIncomeFromDiscontinuedOperations": 0,
    "otherAdjustmentsToNetIncome": 0,
    "netIncome": 3358000000,
    "netIncomeDeductions": 0,
    "bottomLineNetIncome": 3358000000,
    "eps": 1.21,
    "epsDiluted": 1.2,
    "weightedAverageShsOut": 2767281000,
    "weightedAverageShsOutDil": 2807200000
  },
  {
    "date": "2015-06-28",
    "symbol": "JNJ",
    "reportedCurrency": "USD",
    "cik": "0000200406",
    "filingDate": "2015-07-31",
    "acceptedDate": "2015-07-31 16:28:56",
    "fiscalYear": "2015",
    "period": "Q2",
    "revenue": 17787000000,
    "costOfRevenue": 5357000000,
    "grossProfit": 12430000000,
    "researchAndDevelopmentExpenses": 2129000000,
    "generalAndAdministrativeExpenses": 5384000000,
    "sellingAndMarketingExpenses": 0,
    "sellingGeneralAndAdministrativeExpenses": 5384000000,
    "otherExpenses": 0,
    "operatingExpenses": 7513000000,
    "costAndExpenses": 12870000000,
    "netInterestIncome": -107000000,
    "interestIncome": 24000000,
    "interestExpense": 131000000,
    "depreciationAndAmortization": 889000000,
    "ebitda": 6761000000,
    "ebit": 5872000000,
    "nonOperatingIncomeExcludingInterest": -955000000,
    "operatingIncome": 4917000000,
    "totalOtherIncomeExpensesNet": 824000000,
    "incomeBeforeTax": 5741000000,
    "incomeTaxExpense": 1225000000,
    "netIncomeFromContinuingOperations": 4516000000,
    "netIncomeFromDiscontinuedOperations": 0,
    "otherAdjustmentsToNetIncome": 0,
    "netIncome": 4516000000,
    "netIncomeDeductions": 0,
    "bottomLineNetIncome": 4516000000,
    "eps": 1.63,
    "epsDiluted": 1.61,
    "weightedAverageShsOut": 2768975000,
    "weightedAverageShsOutDil": 2812000000
  },
  {
    "date": "2015-03-29",
    "symbol": "JNJ",
    "reportedCurrency": "USD",
    "cik": "0000200406",
    "filingDate": "2015-05-01",
    "acceptedDate": "2015-05-01 16:13:55",
    "fiscalYear": "2015",
    "period": "Q1",
    "revenue": 17374000000,
    "costOfRevenue": 5282000000,
    "grossProfit": 12092000000,
    "researchAndDevelopmentExpenses": 1899000000,
    "generalAndAdministrativeExpenses": 4847000000,
    "sellingAndMarketingExpenses": 0,
    "sellingGeneralAndAdministrativeExpenses": 4847000000,
    "otherExpenses": 0,
    "operatingExpenses": 6746000000,
    "costAndExpenses": 12028000000,
    "netInterestIncome": -119000000,
    "interestIncome": 19000000,
    "interestExpense": 138000000,
    "depreciationAndAmortization": 895000000,
    "ebitda": 6608000000,
    "ebit": 5713000000,
    "nonOperatingIncomeExcludingInterest": -367000000,
    "operatingIncome": 5346000000,
    "totalOtherIncomeExpensesNet": 229000000,
    "incomeBeforeTax": 5575000000,
    "incomeTaxExpense": 1255000000,
    "netIncomeFromContinuingOperations": 4320000000,
    "netIncomeFromDiscontinuedOperations": 0,
    "otherAdjustmentsToNetIncome": 0,
    "netIncome": 4320000000,
    "netIncomeDeductions": 0,
    "bottomLineNetIncome": 4320000000,
    "eps": 1.56,
    "epsDiluted": 1.53,
    "weightedAverageShsOut": 2775874000,
    "weightedAverageShsOutDil": 2826000000
  },
  {
    "date": "2014-12-31",
    "symbol": "JNJ",
    "reportedCurrency": "USD",
    "cik": "0000200406",
    "filingDate": "2015-02-24",
    "acceptedDate": "2015-02-23 19:11:03",
    "fiscalYear": "2014",
    "period": "Q4",
    "revenue": 18254000000,
    "costOfRevenue": 5853000000,
    "grossProfit": 12401000000,
    "researchAndDevelopmentExpenses": 2635000000,
    "generalAndAdministrativeExpenses": 5822000000,
    "sellingAndMarketingExpenses": 0,
    "sellingGeneralAndAdministrativeExpenses": 5822000000,
    "otherExpenses": 0,
    "operatingExpenses": 8457000000,
    "costAndExpenses": 14310000000,
    "netInterestIncome": -122000000,
    "interestIncome": 17000000,
    "interestExpense": 139000000,
    "depreciationAndAmortization": 991000000,
    "ebitda": 3833000000,
    "ebit": 2842000000,
    "nonOperatingIncomeExcludingInterest": 1102000000,
    "operatingIncome": 3944000000,
    "totalOtherIncomeExpensesNet": -1241000000,
    "incomeBeforeTax": 2703000000,
    "incomeTaxExpense": 182000000,
    "netIncomeFromContinuingOperations": 2521000000,
    "netIncomeFromDiscontinuedOperations": 0,
    "otherAdjustmentsToNetIncome": 0,
    "netIncome": 2521000000,
    "netIncomeDeductions": 0,
    "bottomLineNetIncome": 2521000000,
    "eps": 0.91,
    "epsDiluted": 0.89,
    "weightedAverageShsOut": 2783223000,
    "weightedAverageShsOutDil": 2845300000
  },
  {
    "date": "2014-09-28",
    "symbol": "JNJ",
    "reportedCurrency": "USD",
    "cik": "0000200406",
    "filingDate": "2014-10-30",
    "acceptedDate": "2014-10-30 17:09:48",
    "fiscalYear": "2014",
    "period": "Q3",
    "revenue": 18467000000,
    "costOfRevenue": 5399000000,
    "grossProfit": 13068000000,
    "researchAndDevelopmentExpenses": 2023000000,
    "generalAndAdministrativeExpenses": 5468000000,
    "sellingAndMarketingExpenses": 0,
    "sellingGeneralAndAdministrativeExpenses": 5468000000,
    "otherExpenses": 0,
    "operatingExpenses": 7491000000,
    "costAndExpenses": 12890000000,
    "netInterestIncome": -112000000,
    "interestIncome": 18000000,
    "interestExpense": 130000000,
    "depreciationAndAmortization": 939000000,
    "ebitda": 7879000000,
    "ebit": 6940000000,
    "nonOperatingIncomeExcludingInterest": -1363000000,
    "operatingIncome": 5577000000,
    "totalOtherIncomeExpensesNet": 1233000000,
    "incomeBeforeTax": 6810000000,
    "incomeTaxExpense": 2061000000,
    "netIncomeFromContinuingOperations": 4749000000,
    "netIncomeFromDiscontinuedOperations": 0,
    "otherAdjustmentsToNetIncome": 0,
    "netIncome": 4749000000,
    "netIncomeDeductions": 0,
    "bottomLineNetIncome": 4749000000,
    "eps": 1.69,
    "epsDiluted": 1.66,
    "weightedAverageShsOut": 2804056000,
    "weightedAverageShsOutDil": 2864300000
  },
  {
    "date": "2014-06-29",
    "symbol": "JNJ",
    "reportedCurrency": "USD",
    "cik": "0000200406",
    "filingDate": "2014-08-01",
    "acceptedDate": "2014-08-01 16:57:55",
    "fiscalYear": "2014",
    "period": "Q2",
    "revenue": 19495000000,
    "costOfRevenue": 6039000000,
    "grossProfit": 13456000000,
    "researchAndDevelopmentExpenses": 2005000000,
    "generalAndAdministrativeExpenses": 5481000000,
    "sellingAndMarketingExpenses": 0,
    "sellingGeneralAndAdministrativeExpenses": 5481000000,
    "otherExpenses": 0,
    "operatingExpenses": 7486000000,
    "costAndExpenses": 13525000000,
    "netInterestIncome": -114000000,
    "interestIncome": 14000000,
    "interestExpense": 128000000,
    "depreciationAndAmortization": 952000000,
    "ebitda": 6706000000,
    "ebit": 5754000000,
    "nonOperatingIncomeExcludingInterest": 216000000,
    "operatingIncome": 5970000000,
    "totalOtherIncomeExpensesNet": -344000000,
    "incomeBeforeTax": 5626000000,
    "incomeTaxExpense": 1300000000,
    "netIncomeFromContinuingOperations": 4326000000,
    "netIncomeFromDiscontinuedOperations": 0,
    "otherAdjustmentsToNetIncome": 0,
    "netIncome": 4326000000,
    "netIncomeDeductions": 0,
    "bottomLineNetIncome": 4326000000,
    "eps": 1.53,
    "epsDiluted": 1.51,
    "weightedAverageShsOut": 2822579000,
    "weightedAverageShsOutDil": 2874200000
  },
  {
    "date": "2014-03-30",
    "symbol": "JNJ",
    "reportedCurrency": "USD",
    "cik": "0000200406",
    "filingDate": "2014-05-02",
    "acceptedDate": "2014-05-02 16:09:37",
    "fiscalYear": "2014",
    "period": "Q1",
    "revenue": 18115000000,
    "costOfRevenue": 5455000000,
    "grossProfit": 12660000000,
    "researchAndDevelopmentExpenses": 1831000000,
    "generalAndAdministrativeExpenses": 5183000000,
    "sellingAndMarketingExpenses": 0,
    "sellingGeneralAndAdministrativeExpenses": 5183000000,
    "otherExpenses": 0,
    "operatingExpenses": 7014000000,
    "costAndExpenses": 12469000000,
    "netInterestIncome": -118000000,
    "interestIncome": 18000000,
    "interestExpense": 136000000,
    "depreciationAndAmortization": 1013000000,
    "ebitda": 6573000000,
    "ebit": 5560000000,
    "nonOperatingIncomeExcludingInterest": 86000000,
    "operatingIncome": 5646000000,
    "totalOtherIncomeExpensesNet": -222000000,
    "incomeBeforeTax": 5424000000,
    "incomeTaxExpense": 697000000,
    "netIncomeFromContinuingOperations": 4727000000,
    "netIncomeFromDiscontinuedOperations": 0,
    "otherAdjustmentsToNetIncome": 0,
    "netIncome": 4727000000,
    "netIncomeDeductions": 0,
    "bottomLineNetIncome": 4727000000,
    "eps": 1.67,
    "epsDiluted": 1.64,
    "weightedAverageShsOut": 2827641000,
    "weightedAverageShsOutDil": 2874700000
  },
  {
    "date": "2013-12-31",
    "symbol": "JNJ",
    "reportedCurrency": "USD",
    "cik": "0000200406",
    "filingDate": "2014-02-21",
    "acceptedDate": "2014-02-21 14:29:51",
    "fiscalYear": "2013",
    "period": "Q4",
    "revenue": 18355000000,
    "costOfRevenue": 5955000000,
    "grossProfit": 12400000000,
    "researchAndDevelopmentExpenses": 2411000000,
    "generalAndAdministrativeExpenses": 5917000000,
    "sellingAndMarketingExpenses": 0,
    "sellingGeneralAndAdministrativeExpenses": 5917000000,
    "otherExpenses": 0,
    "operatingExpenses": 8328000000,
    "costAndExpenses": 14283000000,
    "netInterestIncome": -116000000,
    "interestIncome": 18000000,
    "interestExpense": 134000000,
    "depreciationAndAmortization": 1102000000,
    "ebitda": 3986000000,
    "ebit": 2884000000,
    "nonOperatingIncomeExcludingInterest": 1188000000,
    "operatingIncome": 4072000000,
    "totalOtherIncomeExpensesNet": -1322000000,
    "incomeBeforeTax": 2750000000,
    "incomeTaxExpense": -769000000,
    "netIncomeFromContinuingOperations": 3519000000,
    "netIncomeFromDiscontinuedOperations": 0,
    "otherAdjustmentsToNetIncome": 0,
    "netIncome": 3519000000,
    "netIncomeDeductions": 0,
    "bottomLineNetIncome": 3519000000,
    "eps": 1.25,
    "epsDiluted": 1.23,
    "weightedAverageShsOut": 2820628000,
    "weightedAverageShsOutDil": 2872000000
  },
  {
    "date": "2013-09-29",
    "symbol": "JNJ",
    "reportedCurrency": "USD",
    "cik": "0000200406",
    "filingDate": "2013-11-04",
    "acceptedDate": "2013-11-04 16:40:59",
    "fiscalYear": "2013",
    "period": "Q3",
    "revenue": 17575000000,
    "costOfRevenue": 5344000000,
    "grossProfit": 12231000000,
    "researchAndDevelopmentExpenses": 2042000000,
    "generalAndAdministrativeExpenses": 5314000000,
    "sellingAndMarketingExpenses": 0,
    "sellingGeneralAndAdministrativeExpenses": 5314000000,
    "otherExpenses": 0,
    "operatingExpenses": 7356000000,
    "costAndExpenses": 12700000000,
    "netInterestIncome": -87000000,
    "interestIncome": 18000000,
    "interestExpense": 105000000,
    "depreciationAndAmortization": 976000000,
    "ebitda": 4748000000,
    "ebit": 3772000000,
    "nonOperatingIncomeExcludingInterest": 1103000000,
    "operatingIncome": 4875000000,
    "totalOtherIncomeExpensesNet": -1208000000,
    "incomeBeforeTax": 3667000000,
    "incomeTaxExpense": 685000000,
    "netIncomeFromContinuingOperations": 2982000000,
    "netIncomeFromDiscontinuedOperations": 0,
    "otherAdjustmentsToNetIncome": 0,
    "netIncome": 2982000000,
    "netIncomeDeductions": 0,
    "bottomLineNetIncome": 2982000000,
    "eps": 1.06,
    "epsDiluted": 1.04,
    "weightedAverageShsOut": 2820659000,
    "weightedAverageShsOutDil": 2881200000
  },
  {
    "date": "2013-06-30",
    "symbol": "JNJ",
    "reportedCurrency": "USD",
    "cik": "0000200406",
    "filingDate": "2013-08-01",
    "acceptedDate": "2013-08-01 16:35:28",
    "fiscalYear": "2013",
    "period": "Q2",
    "revenue": 17877000000,
    "costOfRevenue": 5489000000,
    "grossProfit": 12388000000,
    "researchAndDevelopmentExpenses": 1946000000,
    "generalAndAdministrativeExpenses": 5376000000,
    "sellingAndMarketingExpenses": 0,
    "sellingGeneralAndAdministrativeExpenses": 5376000000,
    "otherExpenses": 0,
    "operatingExpenses": 7322000000,
    "costAndExpenses": 12811000000,
    "netInterestIncome": -101000000,
    "interestIncome": 17000000,
    "interestExpense": 118000000,
    "depreciationAndAmortization": 990000000,
    "ebitda": 5901000000,
    "ebit": 4911000000,
    "nonOperatingIncomeExcludingInterest": 155000000,
    "operatingIncome": 5066000000,
    "totalOtherIncomeExpensesNet": -273000000,
    "incomeBeforeTax": 4793000000,
    "incomeTaxExpense": 960000000,
    "netIncomeFromContinuingOperations": 3833000000,
    "netIncomeFromDiscontinuedOperations": 0,
    "otherAdjustmentsToNetIncome": 0,
    "netIncome": 3833000000,
    "netIncomeDeductions": 0,
    "bottomLineNetIncome": 3833000000,
    "eps": 1.36,
    "epsDiluted": 1.33,
    "weightedAverageShsOut": 2814188000,
    "weightedAverageShsOutDil": 2893000000
  },
  {
    "date": "2013-03-31",
    "symbol": "JNJ",
    "reportedCurrency": "USD",
    "cik": "0000200406",
    "filingDate": "2013-05-03",
    "acceptedDate": "2013-05-03 16:03:53",
    "fiscalYear": "2013",
    "period": "Q1",
    "revenue": 17505000000,
    "costOfRevenue": 5554000000,
    "grossProfit": 11951000000,
    "researchAndDevelopmentExpenses": 1784000000,
    "generalAndAdministrativeExpenses": 5223000000,
    "sellingAndMarketingExpenses": 0,
    "sellingGeneralAndAdministrativeExpenses": 5223000000,
    "otherExpenses": 0,
    "operatingExpenses": 7007000000,
    "costAndExpenses": 12561000000,
    "netInterestIncome": -104000000,
    "interestIncome": 21000000,
    "interestExpense": 125000000,
    "depreciationAndAmortization": 1036000000,
    "ebitda": 5422000000,
    "ebit": 4386000000,
    "nonOperatingIncomeExcludingInterest": 558000000,
    "operatingIncome": 4944000000,
    "totalOtherIncomeExpensesNet": -683000000,
    "incomeBeforeTax": 4261000000,
    "incomeTaxExpense": 764000000,
    "netIncomeFromContinuingOperations": 3497000000,
    "netIncomeFromDiscontinuedOperations": 0,
    "otherAdjustmentsToNetIncome": 0,
    "netIncome": 3497000000,
    "netIncomeDeductions": 0,
    "bottomLineNetIncome": 3497000000,
    "eps": 1.25,
    "epsDiluted": 1.22,
    "weightedAverageShsOut": 2803164000,
    "weightedAverageShsOutDil": 2858800000
  },
  {
    "date": "2012-12-31",
    "symbol": "JNJ",
    "reportedCurrency": "USD",
    "cik": "0000200406",
    "filingDate": "2013-02-22",
    "acceptedDate": "2013-02-21 18:44:12",
    "fiscalYear": "2012",
    "period": "Q4",
    "revenue": 17558000000,
    "costOfRevenue": 6003000000,
    "grossProfit": 11555000000,
    "researchAndDevelopmentExpenses": 2331000000,
    "generalAndAdministrativeExpenses": 0,
    "sellingAndMarketingExpenses": 0,
    "sellingGeneralAndAdministrativeExpenses": 5661000000,
    "otherExpenses": 0,
    "operatingExpenses": 7992000000,
    "costAndExpenses": 13995000000,
    "netInterestIncome": -89000000,
    "interestIncome": 18000000,
    "interestExpense": 107000000,
    "depreciationAndAmortization": 1036000000,
    "ebitda": 4243000000,
    "ebit": 3207000000,
    "nonOperatingIncomeExcludingInterest": 356000000,
    "operatingIncome": 3563000000,
    "totalOtherIncomeExpensesNet": -463000000,
    "incomeBeforeTax": 3100000000,
    "incomeTaxExpense": 533000000,
    "netIncomeFromContinuingOperations": 2567000000,
    "netIncomeFromDiscontinuedOperations": 0,
    "otherAdjustmentsToNetIncome": 0,
    "netIncome": 2567000000,
    "netIncomeDeductions": 0,
    "bottomLineNetIncome": 2567000000,
    "eps": 0.92,
    "epsDiluted": 0.91,
    "weightedAverageShsOut": 2778489000,
    "weightedAverageShsOutDil": 2833400000
  },
  {
    "date": "2012-09-30",
    "symbol": "JNJ",
    "reportedCurrency": "USD",
    "cik": "0000200406",
    "filingDate": "2012-11-09",
    "acceptedDate": "2012-11-08 18:28:56",
    "fiscalYear": "2012",
    "period": "Q3",
    "revenue": 17052000000,
    "costOfRevenue": 5597000000,
    "grossProfit": 11455000000,
    "researchAndDevelopmentExpenses": 1923000000,
    "generalAndAdministrativeExpenses": 5228000000,
    "sellingAndMarketingExpenses": 0,
    "sellingGeneralAndAdministrativeExpenses": 5228000000,
    "otherExpenses": 0,
    "operatingExpenses": 7151000000,
    "costAndExpenses": 12748000000,
    "netInterestIncome": -120000000,
    "interestIncome": 15000000,
    "interestExpense": 135000000,
    "depreciationAndAmortization": 1005000000,
    "ebitda": 4735000000,
    "ebit": 3730000000,
    "nonOperatingIncomeExcludingInterest": 574000000,
    "operatingIncome": 4304000000,
    "totalOtherIncomeExpensesNet": -709000000,
    "incomeBeforeTax": 3595000000,
    "incomeTaxExpense": 966000000,
    "netIncomeFromContinuingOperations": 2629000000,
    "netIncomeFromDiscontinuedOperations": 0,
    "otherAdjustmentsToNetIncome": 0,
    "netIncome": 2968000000,
    "netIncomeDeductions": 0,
    "bottomLineNetIncome": 2968000000,
    "eps": 1.07,
    "epsDiluted": 1.05,
    "weightedAverageShsOut": 2762558000,
    "weightedAverageShsOutDil": 2818100000
  },
  {
    "date": "2012-07-01",
    "symbol": "JNJ",
    "reportedCurrency": "USD",
    "cik": "0000200406",
    "filingDate": "2012-08-02",
    "acceptedDate": "2012-08-01 17:40:10",
    "fiscalYear": "2012",
    "period": "Q2",
    "revenue": 16475000000,
    "costOfRevenue": 5143000000,
    "grossProfit": 11332000000,
    "researchAndDevelopmentExpenses": 1766000000,
    "generalAndAdministrativeExpenses": 4965000000,
    "sellingAndMarketingExpenses": 0,
    "sellingGeneralAndAdministrativeExpenses": 4965000000,
    "otherExpenses": 0,
    "operatingExpenses": 6731000000,
    "costAndExpenses": 11874000000,
    "netInterestIncome": -129000000,
    "interestIncome": 14000000,
    "interestExpense": 143000000,
    "depreciationAndAmortization": 852000000,
    "ebitda": 3030000000,
    "ebit": 2178000000,
    "nonOperatingIncomeExcludingInterest": 2423000000,
    "operatingIncome": 4601000000,
    "totalOtherIncomeExpensesNet": -2566000000,
    "incomeBeforeTax": 2035000000,
    "incomeTaxExpense": 627000000,
    "netIncomeFromContinuingOperations": 1408000000,
    "netIncomeFromDiscontinuedOperations": 0,
    "otherAdjustmentsToNetIncome": 0,
    "netIncome": 1408000000,
    "netIncomeDeductions": 0,
    "bottomLineNetIncome": 1408000000,
    "eps": 0.51,
    "epsDiluted": 0.5,
    "weightedAverageShsOut": 2750559000,
    "weightedAverageShsOutDil": 2798200000
  },
  {
    "date": "2012-04-01",
    "symbol": "JNJ",
    "reportedCurrency": "USD",
    "cik": "0000200406",
    "filingDate": "2012-05-07",
    "acceptedDate": "2012-05-07 16:59:07",
    "fiscalYear": "2012",
    "period": "Q1",
    "revenue": 16139000000,
    "costOfRevenue": 4915000000,
    "grossProfit": 11224000000,
    "researchAndDevelopmentExpenses": 1645000000,
    "generalAndAdministrativeExpenses": 5015000000,
    "sellingAndMarketingExpenses": 0,
    "sellingGeneralAndAdministrativeExpenses": 5015000000,
    "otherExpenses": 0,
    "operatingExpenses": 6660000000,
    "costAndExpenses": 11575000000,
    "netInterestIncome": -130000000,
    "interestIncome": 17000000,
    "interestExpense": 147000000,
    "depreciationAndAmortization": 773000000,
    "ebitda": 5965000000,
    "ebit": 5192000000,
    "nonOperatingIncomeExcludingInterest": -628000000,
    "operatingIncome": 4564000000,
    "totalOtherIncomeExpensesNet": 481000000,
    "incomeBeforeTax": 5045000000,
    "incomeTaxExpense": 1135000000,
    "netIncomeFromContinuingOperations": 3910000000,
    "netIncomeFromDiscontinuedOperations": 0,
    "otherAdjustmentsToNetIncome": 0,
    "netIncome": 3910000000,
    "netIncomeDeductions": 0,
    "bottomLineNetIncome": 3910000000,
    "eps": 1.42,
    "epsDiluted": 1.41,
    "weightedAverageShsOut": 2745721000,
    "weightedAverageShsOutDil": 2774900000
  },
  {
    "date": "2011-12-31",
    "symbol": "JNJ",
    "reportedCurrency": "USD",
    "cik": "0000200406",
    "filingDate": "2012-02-23",
    "acceptedDate": "2012-02-23 17:11:21",
    "fiscalYear": "2011",
    "period": "Q4",
    "revenue": 16255000000,
    "costOfRevenue": 5338000000,
    "grossProfit": 10917000000,
    "researchAndDevelopmentExpenses": 2155000000,
    "generalAndAdministrativeExpenses": 0,
    "sellingAndMarketingExpenses": 0,
    "sellingGeneralAndAdministrativeExpenses": 5458000000,
    "otherExpenses": 0,
    "operatingExpenses": 7613000000,
    "costAndExpenses": 12951000000,
    "netInterestIncome": -148000000,
    "interestIncome": 35000000,
    "interestExpense": 183000000,
    "depreciationAndAmortization": 843000000,
    "ebitda": 1344000000,
    "ebit": 501000000,
    "nonOperatingIncomeExcludingInterest": 2803000000,
    "operatingIncome": 3304000000,
    "totalOtherIncomeExpensesNet": -2986000000,
    "incomeBeforeTax": 318000000,
    "incomeTaxExpense": 100000000,
    "netIncomeFromContinuingOperations": 218000000,
    "netIncomeFromDiscontinuedOperations": 0,
    "otherAdjustmentsToNetIncome": 0,
    "netIncome": 218000000,
    "netIncomeDeductions": 0,
    "bottomLineNetIncome": 218000000,
    "eps": 0.09,
    "epsDiluted": 0.09,
    "weightedAverageShsOut": 2728500000,
    "weightedAverageShsOutDil": 2768400000
  },
  {
    "date": "2011-10-02",
    "symbol": "JNJ",
    "reportedCurrency": "USD",
    "cik": "0000200406",
    "filingDate": "2011-11-08",
    "acceptedDate": "2011-11-08 16:03:17",
    "fiscalYear": "2011",
    "period": "Q3",
    "revenue": 16005000000,
    "costOfRevenue": 5072000000,
    "grossProfit": 10933000000,
    "researchAndDevelopmentExpenses": 1773000000,
    "generalAndAdministrativeExpenses": 0,
    "sellingAndMarketingExpenses": 0,
    "sellingGeneralAndAdministrativeExpenses": 5240000000,
    "otherExpenses": 0,
    "operatingExpenses": 7013000000,
    "costAndExpenses": 12085000000,
    "netInterestIncome": -117000000,
    "interestIncome": 17000000,
    "interestExpense": 134000000,
    "depreciationAndAmortization": 783000000,
    "ebitda": 5028000000,
    "ebit": 4245000000,
    "nonOperatingIncomeExcludingInterest": -325000000,
    "operatingIncome": 3920000000,
    "totalOtherIncomeExpensesNet": 191000000,
    "incomeBeforeTax": 4111000000,
    "incomeTaxExpense": 909000000,
    "netIncomeFromContinuingOperations": 3202000000,
    "netIncomeFromDiscontinuedOperations": 0,
    "otherAdjustmentsToNetIncome": 0,
    "netIncome": 3202000000,
    "netIncomeDeductions": 0,
    "bottomLineNetIncome": 3202000000,
    "eps": 1.17,
    "epsDiluted": 1.15,
    "weightedAverageShsOut": 2732251000,
    "weightedAverageShsOutDil": 2778200000
  },
  {
    "date": "2011-07-03",
    "symbol": "JNJ",
    "reportedCurrency": "USD",
    "cik": "0000200406",
    "filingDate": "2011-08-09",
    "acceptedDate": "2011-08-09 16:16:33",
    "fiscalYear": "2011",
    "period": "Q2",
    "revenue": 16597000000,
    "costOfRevenue": 5172000000,
    "grossProfit": 11425000000,
    "researchAndDevelopmentExpenses": 1882000000,
    "generalAndAdministrativeExpenses": 0,
    "sellingAndMarketingExpenses": 0,
    "sellingGeneralAndAdministrativeExpenses": 5215000000,
    "otherExpenses": 0,
    "operatingExpenses": 7097000000,
    "costAndExpenses": 12269000000,
    "netInterestIncome": -111000000,
    "interestIncome": 18000000,
    "interestExpense": 129000000,
    "depreciationAndAmortization": 777000000,
    "ebitda": 4328000000,
    "ebit": 3551000000,
    "nonOperatingIncomeExcludingInterest": 777000000,
    "operatingIncome": 4328000000,
    "totalOtherIncomeExpensesNet": -906000000,
    "incomeBeforeTax": 3422000000,
    "incomeTaxExpense": 646000000,
    "netIncomeFromContinuingOperations": 2776000000,
    "netIncomeFromDiscontinuedOperations": 0,
    "otherAdjustmentsToNetIncome": 0,
    "netIncome": 2776000000,
    "netIncomeDeductions": 0,
    "bottomLineNetIncome": 2776000000,
    "eps": 1.01,
    "epsDiluted": 1,
    "weightedAverageShsOut": 2740580000,
    "weightedAverageShsOutDil": 2781300000
  },
  {
    "date": "2011-04-03",
    "symbol": "JNJ",
    "reportedCurrency": "USD",
    "cik": "0000200406",
    "filingDate": "2011-05-10",
    "acceptedDate": "2011-05-10 14:05:22",
    "fiscalYear": "2011",
    "period": "Q1",
    "revenue": 16173000000,
    "costOfRevenue": 4778000000,
    "grossProfit": 11395000000,
    "researchAndDevelopmentExpenses": 1738000000,
    "generalAndAdministrativeExpenses": 0,
    "sellingAndMarketingExpenses": 0,
    "sellingGeneralAndAdministrativeExpenses": 5056000000,
    "otherExpenses": 0,
    "operatingExpenses": 6794000000,
    "costAndExpenses": 11572000000,
    "netInterestIncome": -104000000,
    "interestIncome": 21000000,
    "interestExpense": 125000000,
    "depreciationAndAmortization": 755000000,
    "ebitda": 5390000000,
    "ebit": 4635000000,
    "nonOperatingIncomeExcludingInterest": -34000000,
    "operatingIncome": 4601000000,
    "totalOtherIncomeExpensesNet": -91000000,
    "incomeBeforeTax": 4510000000,
    "incomeTaxExpense": 1034000000,
    "netIncomeFromContinuingOperations": 3476000000,
    "netIncomeFromDiscontinuedOperations": 0,
    "otherAdjustmentsToNetIncome": 0,
    "netIncome": 3476000000,
    "netIncomeDeductions": 0,
    "bottomLineNetIncome": 3476000000,
    "eps": 1.27,
    "epsDiluted": 1.25,
    "weightedAverageShsOut": 2738454000,
    "weightedAverageShsOutDil": 2772700000
  },
  {
    "date": "2010-12-31",
    "symbol": "JNJ",
    "reportedCurrency": "USD",
    "cik": "0000200406",
    "filingDate": "2011-02-25",
    "acceptedDate": "2011-02-24 21:48:40",
    "fiscalYear": "2010",
    "period": "Q4",
    "revenue": 15644000000,
    "costOfRevenue": 5040000000,
    "grossProfit": 10604000000,
    "researchAndDevelopmentExpenses": 1982000000,
    "generalAndAdministrativeExpenses": 0,
    "sellingAndMarketingExpenses": 0,
    "sellingGeneralAndAdministrativeExpenses": 5180000000,
    "otherExpenses": 0,
    "operatingExpenses": 7162000000,
    "costAndExpenses": 12202000000,
    "netInterestIncome": -114000000,
    "interestIncome": 24000000,
    "interestExpense": 138000000,
    "depreciationAndAmortization": 769000000,
    "ebitda": 3135000000,
    "ebit": 2366000000,
    "nonOperatingIncomeExcludingInterest": 1076000000,
    "operatingIncome": 3442000000,
    "totalOtherIncomeExpensesNet": -1214000000,
    "incomeBeforeTax": 2228000000,
    "incomeTaxExpense": 286000000,
    "netIncomeFromContinuingOperations": 1942000000,
    "netIncomeFromDiscontinuedOperations": 0,
    "otherAdjustmentsToNetIncome": 0,
    "netIncome": 1942000000,
    "netIncomeDeductions": 0,
    "bottomLineNetIncome": 1942000000,
    "eps": 0.71,
    "epsDiluted": 0.7,
    "weightedAverageShsOut": 2743000000,
    "weightedAverageShsOutDil": 2779200000
  },
  {
    "date": "2010-10-03",
    "symbol": "JNJ",
    "reportedCurrency": "USD",
    "cik": "0000200406",
    "filingDate": "2010-11-10",
    "acceptedDate": "2010-11-10 14:29:23",
    "fiscalYear": "2010",
    "period": "Q3",
    "revenue": 14982000000,
    "costOfRevenue": 4594000000,
    "grossProfit": 10388000000,
    "researchAndDevelopmentExpenses": 1657000000,
    "generalAndAdministrativeExpenses": 0,
    "sellingAndMarketingExpenses": 0,
    "sellingGeneralAndAdministrativeExpenses": 4709000000,
    "otherExpenses": 0,
    "operatingExpenses": 6366000000,
    "costAndExpenses": 10960000000,
    "netInterestIncome": -95000000,
    "interestIncome": 13000000,
    "interestExpense": 108000000,
    "depreciationAndAmortization": 725000000,
    "ebitda": 5052000000,
    "ebit": 4327000000,
    "nonOperatingIncomeExcludingInterest": -305000000,
    "operatingIncome": 4022000000,
    "totalOtherIncomeExpensesNet": 197000000,
    "incomeBeforeTax": 4219000000,
    "incomeTaxExpense": 802000000,
    "netIncomeFromContinuingOperations": 3417000000,
    "netIncomeFromDiscontinuedOperations": 0,
    "otherAdjustmentsToNetIncome": 0,
    "netIncome": 3417000000,
    "netIncomeDeductions": 0,
    "bottomLineNetIncome": 3417000000,
    "eps": 1.24,
    "epsDiluted": 1.23,
    "weightedAverageShsOut": 2747711000,
    "weightedAverageShsOutDil": 2786400000
  },
  {
    "date": "2010-07-04",
    "symbol": "JNJ",
    "reportedCurrency": "USD",
    "cik": "0000200406",
    "filingDate": "2010-08-11",
    "acceptedDate": "2010-08-11 14:22:58",
    "fiscalYear": "2010",
    "period": "Q2",
    "revenue": 15330000000,
    "costOfRevenue": 4630000000,
    "grossProfit": 10700000000,
    "researchAndDevelopmentExpenses": 1648000000,
    "generalAndAdministrativeExpenses": 0,
    "sellingAndMarketingExpenses": 0,
    "sellingGeneralAndAdministrativeExpenses": 4756000000,
    "otherExpenses": 0,
    "operatingExpenses": 6404000000,
    "costAndExpenses": 11034000000,
    "netInterestIncome": -58000000,
    "interestIncome": 43000000,
    "interestExpense": 101000000,
    "depreciationAndAmortization": 711000000,
    "ebitda": 5032000000,
    "ebit": 4321000000,
    "nonOperatingIncomeExcludingInterest": -25000000,
    "operatingIncome": 4296000000,
    "totalOtherIncomeExpensesNet": -76000000,
    "incomeBeforeTax": 4220000000,
    "incomeTaxExpense": 771000000,
    "netIncomeFromContinuingOperations": 3449000000,
    "netIncomeFromDiscontinuedOperations": 0,
    "otherAdjustmentsToNetIncome": 0,
    "netIncome": 3449000000,
    "netIncomeDeductions": 0,
    "bottomLineNetIncome": 3449000000,
    "eps": 1.25,
    "epsDiluted": 1.23,
    "weightedAverageShsOut": 2755400000,
    "weightedAverageShsOutDil": 2796000000
  },
  {
    "date": "2010-04-04",
    "symbol": "JNJ",
    "reportedCurrency": "USD",
    "cik": "0000200406",
    "filingDate": "2010-05-10",
    "acceptedDate": "2010-05-10 17:04:51",
    "fiscalYear": "2010",
    "period": "Q1",
    "revenue": 15631000000,
    "costOfRevenue": 4528000000,
    "grossProfit": 11103000000,
    "researchAndDevelopmentExpenses": 1557000000,
    "generalAndAdministrativeExpenses": 0,
    "sellingAndMarketingExpenses": 0,
    "sellingGeneralAndAdministrativeExpenses": 4779000000,
    "otherExpenses": 0,
    "operatingExpenses": 6336000000,
    "costAndExpenses": 10864000000,
    "netInterestIncome": -81000000,
    "interestIncome": 27000000,
    "interestExpense": 108000000,
    "depreciationAndAmortization": 734000000,
    "ebitda": 7122000000,
    "ebit": 6388000000,
    "nonOperatingIncomeExcludingInterest": -1621000000,
    "operatingIncome": 4767000000,
    "totalOtherIncomeExpensesNet": 1513000000,
    "incomeBeforeTax": 6280000000,
    "incomeTaxExpense": 1754000000,
    "netIncomeFromContinuingOperations": 4526000000,
    "netIncomeFromDiscontinuedOperations": 0,
    "otherAdjustmentsToNetIncome": 0,
    "netIncome": 4526000000,
    "netIncomeDeductions": 0,
    "bottomLineNetIncome": 4526000000,
    "eps": 1.64,
    "epsDiluted": 1.62,
    "weightedAverageShsOut": 2757834000,
    "weightedAverageShsOutDil": 2797300000
  },
  {
    "date": "2009-12-31",
    "symbol": "JNJ",
    "reportedCurrency": "USD",
    "cik": "0000200406",
    "filingDate": "2010-03-01",
    "acceptedDate": "2010-03-01 16:50:02",
    "fiscalYear": "2009",
    "period": "Q4",
    "revenue": 16551000000,
    "costOfRevenue": 5312000000,
    "grossProfit": 11239000000,
    "researchAndDevelopmentExpenses": 2213000000,
    "generalAndAdministrativeExpenses": 0,
    "sellingAndMarketingExpenses": 0,
    "sellingGeneralAndAdministrativeExpenses": 5629000000,
    "otherExpenses": 0,
    "operatingExpenses": 7842000000,
    "costAndExpenses": 13154000000,
    "netInterestIncome": -81000000,
    "interestIncome": 12000000,
    "interestExpense": 93000000,
    "depreciationAndAmortization": 744000000,
    "ebitda": 3441000000,
    "ebit": 2697000000,
    "nonOperatingIncomeExcludingInterest": 700000000,
    "operatingIncome": 3397000000,
    "totalOtherIncomeExpensesNet": -793000000,
    "incomeBeforeTax": 2604000000,
    "incomeTaxExpense": 398000000,
    "netIncomeFromContinuingOperations": 2206000000,
    "netIncomeFromDiscontinuedOperations": 0,
    "otherAdjustmentsToNetIncome": 0,
    "netIncome": 2206000000,
    "netIncomeDeductions": 0,
    "bottomLineNetIncome": 2206000000,
    "eps": 0.81,
    "epsDiluted": 0.79,
    "weightedAverageShsOut": 2758000000,
    "weightedAverageShsOutDil": 2792700000
  },
  {
    "date": "2009-09-27",
    "symbol": "JNJ",
    "reportedCurrency": "USD",
    "cik": "0000200406",
    "filingDate": "2009-11-04",
    "acceptedDate": "2009-11-04 16:36:51",
    "fiscalYear": "2009",
    "period": "Q3",
    "revenue": 15081000000,
    "costOfRevenue": 4434000000,
    "grossProfit": 10647000000,
    "researchAndDevelopmentExpenses": 1617000000,
    "generalAndAdministrativeExpenses": 0,
    "sellingAndMarketingExpenses": 0,
    "sellingGeneralAndAdministrativeExpenses": 4767000000,
    "otherExpenses": 0,
    "operatingExpenses": 6384000000,
    "costAndExpenses": 10818000000,
    "netInterestIncome": -114000000,
    "interestIncome": 28000000,
    "interestExpense": 142000000,
    "depreciationAndAmortization": 675000000,
    "ebitda": 5062000000,
    "ebit": 4387000000,
    "nonOperatingIncomeExcludingInterest": -124000000,
    "operatingIncome": 4263000000,
    "totalOtherIncomeExpensesNet": -18000000,
    "incomeBeforeTax": 4245000000,
    "incomeTaxExpense": 900000000,
    "netIncomeFromContinuingOperations": 3345000000,
    "netIncomeFromDiscontinuedOperations": 0,
    "otherAdjustmentsToNetIncome": 0,
    "netIncome": 3345000000,
    "netIncomeDeductions": 0,
    "bottomLineNetIncome": 3345000000,
    "eps": 1.2,
    "epsDiluted": 1.2,
    "weightedAverageShsOut": 2793000000,
    "weightedAverageShsOutDil": 2793000000
  },
  {
    "date": "2009-06-28",
    "symbol": "JNJ",
    "reportedCurrency": "USD",
    "cik": "0000200406",
    "filingDate": "2009-08-04",
    "acceptedDate": "2009-08-04 17:11:43",
    "fiscalYear": "2009",
    "period": "Q2",
    "revenue": 15239000000,
    "costOfRevenue": 4450000000,
    "grossProfit": 10789000000,
    "researchAndDevelopmentExpenses": 1638000000,
    "generalAndAdministrativeExpenses": 0,
    "sellingAndMarketingExpenses": 0,
    "sellingGeneralAndAdministrativeExpenses": 4797000000,
    "otherExpenses": 0,
    "operatingExpenses": 6435000000,
    "costAndExpenses": 10885000000,
    "netInterestIncome": -85000000,
    "interestIncome": 25000000,
    "interestExpense": 110000000,
    "depreciationAndAmortization": 679000000,
    "ebitda": 5052000000,
    "ebit": 4373000000,
    "nonOperatingIncomeExcludingInterest": -19000000,
    "operatingIncome": 4354000000,
    "totalOtherIncomeExpensesNet": -91000000,
    "incomeBeforeTax": 4263000000,
    "incomeTaxExpense": 1055000000,
    "netIncomeFromContinuingOperations": 3208000000,
    "netIncomeFromDiscontinuedOperations": 0,
    "otherAdjustmentsToNetIncome": 0,
    "netIncome": 3208000000,
    "netIncomeDeductions": 0,
    "bottomLineNetIncome": 3208000000,
    "eps": 1.15,
    "epsDiluted": 1.15,
    "weightedAverageShsOut": 2782000000,
    "weightedAverageShsOutDil": 2789800000
  },
  {
    "date": "2009-03-29",
    "symbol": "JNJ",
    "reportedCurrency": "USD",
    "cik": "0000200406",
    "filingDate": "2009-05-05",
    "acceptedDate": "2009-05-05 17:03:26",
    "fiscalYear": "2009",
    "period": "Q1",
    "revenue": 15026000000,
    "costOfRevenue": 4251000000,
    "grossProfit": 10775000000,
    "researchAndDevelopmentExpenses": 1518000000,
    "generalAndAdministrativeExpenses": 0,
    "sellingAndMarketingExpenses": 0,
    "sellingGeneralAndAdministrativeExpenses": 4608000000,
    "otherExpenses": 0,
    "operatingExpenses": 6126000000,
    "costAndExpenses": 10377000000,
    "netInterestIncome": -81000000,
    "interestIncome": 25000000,
    "interestExpense": 106000000,
    "depreciationAndAmortization": 676000000,
    "ebitda": 5425000000,
    "ebit": 4749000000,
    "nonOperatingIncomeExcludingInterest": -100000000,
    "operatingIncome": 4649000000,
    "totalOtherIncomeExpensesNet": -6000000,
    "incomeBeforeTax": 4643000000,
    "incomeTaxExpense": 1136000000,
    "netIncomeFromContinuingOperations": 3507000000,
    "netIncomeFromDiscontinuedOperations": 0,
    "otherAdjustmentsToNetIncome": 0,
    "netIncome": 3507000000,
    "netIncomeDeductions": 0,
    "bottomLineNetIncome": 3507000000,
    "eps": 1.27,
    "epsDiluted": 1.26,
    "weightedAverageShsOut": 2755565766,
    "weightedAverageShsOutDil": 2789800000
  },
  {
    "date": "2008-12-31",
    "symbol": "JNJ",
    "reportedCurrency": "USD",
    "cik": "0000200406",
    "filingDate": "2009-02-20",
    "acceptedDate": "2009-02-20 16:18:45",
    "fiscalYear": "2008",
    "period": "Q4",
    "revenue": 15182000000,
    "costOfRevenue": 4372000000,
    "grossProfit": 10810000000,
    "researchAndDevelopmentExpenses": 2108000000,
    "generalAndAdministrativeExpenses": 0,
    "sellingAndMarketingExpenses": 0,
    "sellingGeneralAndAdministrativeExpenses": 5665000000,
    "otherExpenses": 0,
    "operatingExpenses": 7773000000,
    "costAndExpenses": 12145000000,
    "netInterestIncome": 0,
    "interestIncome": 0,
    "interestExpense": 0,
    "depreciationAndAmortization": 715000000,
    "ebitda": 4947000000,
    "ebit": 4232000000,
    "nonOperatingIncomeExcludingInterest": -1195000000,
    "operatingIncome": 3037000000,
    "totalOtherIncomeExpensesNet": 480000000,
    "incomeBeforeTax": 3517000000,
    "incomeTaxExpense": 803000000,
    "netIncomeFromContinuingOperations": 2714000000,
    "netIncomeFromDiscontinuedOperations": 0,
    "otherAdjustmentsToNetIncome": 0,
    "netIncome": 2714000000,
    "netIncomeDeductions": 0,
    "bottomLineNetIncome": 2714000000,
    "eps": 0.98,
    "epsDiluted": 0.97,
    "weightedAverageShsOut": 2774300000,
    "weightedAverageShsOutDil": 2799000000
  },
  {
    "date": "2008-09-28",
    "symbol": "JNJ",
    "reportedCurrency": "USD",
    "cik": "0000200406",
    "filingDate": "2008-11-04",
    "acceptedDate": "2008-11-04 15:02:13",
    "fiscalYear": "2008",
    "period": "Q3",
    "revenue": 15921000000,
    "costOfRevenue": 4774000000,
    "grossProfit": 11147000000,
    "researchAndDevelopmentExpenses": 1861000000,
    "generalAndAdministrativeExpenses": 0,
    "sellingAndMarketingExpenses": 0,
    "sellingGeneralAndAdministrativeExpenses": 5195000000,
    "otherExpenses": 0,
    "operatingExpenses": 7056000000,
    "costAndExpenses": 11830000000,
    "netInterestIncome": -25000000,
    "interestIncome": 97000000,
    "interestExpense": 122000000,
    "depreciationAndAmortization": 768000000,
    "ebitda": 5180000000,
    "ebit": 4412000000,
    "nonOperatingIncomeExcludingInterest": -321000000,
    "operatingIncome": 4091000000,
    "totalOtherIncomeExpensesNet": 199000000,
    "incomeBeforeTax": 4290000000,
    "incomeTaxExpense": 980000000,
    "netIncomeFromContinuingOperations": 3310000000,
    "netIncomeFromDiscontinuedOperations": 0,
    "otherAdjustmentsToNetIncome": 0,
    "netIncome": 3310000000,
    "netIncomeDeductions": 0,
    "bottomLineNetIncome": 3310000000,
    "eps": 1.19,
    "epsDiluted": 1.17,
    "weightedAverageShsOut": 2790900000,
    "weightedAverageShsOutDil": 2831300000
  },
  {
    "date": "2008-06-29",
    "symbol": "JNJ",
    "reportedCurrency": "USD",
    "cik": "0000200406",
    "filingDate": "2008-08-04",
    "acceptedDate": "2008-08-04 15:18:29",
    "fiscalYear": "2008",
    "period": "Q2",
    "revenue": 16450000000,
    "costOfRevenue": 4751000000,
    "grossProfit": 11699000000,
    "researchAndDevelopmentExpenses": 1936000000,
    "generalAndAdministrativeExpenses": 0,
    "sellingAndMarketingExpenses": 0,
    "sellingGeneralAndAdministrativeExpenses": 5507000000,
    "otherExpenses": 0,
    "operatingExpenses": 7443000000,
    "costAndExpenses": 12194000000,
    "netInterestIncome": -16000000,
    "interestIncome": 89000000,
    "interestExpense": 105000000,
    "depreciationAndAmortization": 683000000,
    "ebitda": 5163000000,
    "ebit": 4480000000,
    "nonOperatingIncomeExcludingInterest": -224000000,
    "operatingIncome": 4256000000,
    "totalOtherIncomeExpensesNet": 119000000,
    "incomeBeforeTax": 4375000000,
    "incomeTaxExpense": 1048000000,
    "netIncomeFromContinuingOperations": 3327000000,
    "netIncomeFromDiscontinuedOperations": 0,
    "otherAdjustmentsToNetIncome": 0,
    "netIncome": 3327000000,
    "netIncomeDeductions": 0,
    "bottomLineNetIncome": 3327000000,
    "eps": 1.18,
    "epsDiluted": 1.17,
    "weightedAverageShsOut": 2809800000,
    "weightedAverageShsOutDil": 2844800000
  },
  {
    "date": "2008-03-30",
    "symbol": "JNJ",
    "reportedCurrency": "USD",
    "cik": "0000200406",
    "filingDate": "2008-05-07",
    "acceptedDate": "2008-05-07 12:33:36",
    "fiscalYear": "2008",
    "period": "Q1",
    "revenue": 16194000000,
    "costOfRevenue": 4614000000,
    "grossProfit": 11580000000,
    "researchAndDevelopmentExpenses": 1712000000,
    "generalAndAdministrativeExpenses": 0,
    "sellingAndMarketingExpenses": 0,
    "sellingGeneralAndAdministrativeExpenses": 5123000000,
    "otherExpenses": 0,
    "operatingExpenses": 6835000000,
    "costAndExpenses": 11449000000,
    "netInterestIncome": -16000000,
    "interestIncome": 82000000,
    "interestExpense": 98000000,
    "depreciationAndAmortization": 666000000,
    "ebitda": 5511000000,
    "ebit": 4845000000,
    "nonOperatingIncomeExcludingInterest": -100000000,
    "operatingIncome": 4745000000,
    "totalOtherIncomeExpensesNet": 2000000,
    "incomeBeforeTax": 4747000000,
    "incomeTaxExpense": 1149000000,
    "netIncomeFromContinuingOperations": 3598000000,
    "netIncomeFromDiscontinuedOperations": 0,
    "otherAdjustmentsToNetIncome": 0,
    "netIncome": 3598000000,
    "netIncomeDeductions": 0,
    "bottomLineNetIncome": 3598000000,
    "eps": 1.27,
    "epsDiluted": 1.26,
    "weightedAverageShsOut": 2832300000,
    "weightedAverageShsOutDil": 2866300000
  },
  {
    "date": "2007-12-31",
    "symbol": "JNJ",
    "reportedCurrency": "USD",
    "cik": "0000200406",
    "filingDate": "2008-02-26",
    "acceptedDate": "2008-02-26 16:39:42",
    "fiscalYear": "2007",
    "period": "Q4",
    "revenue": 15957000000,
    "costOfRevenue": 4734000000,
    "grossProfit": 11223000000,
    "researchAndDevelopmentExpenses": 2328000000,
    "generalAndAdministrativeExpenses": 0,
    "sellingAndMarketingExpenses": 0,
    "sellingGeneralAndAdministrativeExpenses": 5721000000,
    "otherExpenses": 0,
    "operatingExpenses": 8049000000,
    "costAndExpenses": 12783000000,
    "netInterestIncome": 0,
    "interestIncome": 0,
    "interestExpense": 0,
    "depreciationAndAmortization": 875000000,
    "ebitda": 4049000000,
    "ebit": 3174000000,
    "nonOperatingIncomeExcludingInterest": 0,
    "operatingIncome": 3174000000,
    "totalOtherIncomeExpensesNet": -842000000,
    "incomeBeforeTax": 2332000000,
    "incomeTaxExpense": -42000000,
    "netIncomeFromContinuingOperations": 2374000000,
    "netIncomeFromDiscontinuedOperations": 0,
    "otherAdjustmentsToNetIncome": 0,
    "netIncome": 2374000000,
    "netIncomeDeductions": 0,
    "bottomLineNetIncome": 2374000000,
    "eps": 0.83,
    "epsDiluted": 0.82,
    "weightedAverageShsOut": 2855600000,
    "weightedAverageShsOutDil": 2884900000
  },
  {
    "date": "2007-09-30",
    "symbol": "JNJ",
    "reportedCurrency": "USD",
    "cik": "0000200406",
    "filingDate": "2007-11-06",
    "acceptedDate": "2007-11-06 15:03:17",
    "fiscalYear": "2007",
    "period": "Q3",
    "revenue": 14970000000,
    "costOfRevenue": 4274000000,
    "grossProfit": 10696000000,
    "researchAndDevelopmentExpenses": 1834000000,
    "generalAndAdministrativeExpenses": 0,
    "sellingAndMarketingExpenses": 0,
    "sellingGeneralAndAdministrativeExpenses": 4899000000,
    "otherExpenses": 0,
    "operatingExpenses": 6733000000,
    "costAndExpenses": 11007000000,
    "netInterestIncome": 0,
    "interestIncome": 0,
    "interestExpense": 0,
    "depreciationAndAmortization": 597000000,
    "ebitda": 4560000000,
    "ebit": 3963000000,
    "nonOperatingIncomeExcludingInterest": 0,
    "operatingIncome": 3963000000,
    "totalOtherIncomeExpensesNet": -695000000,
    "incomeBeforeTax": 3268000000,
    "incomeTaxExpense": 720000000,
    "netIncomeFromContinuingOperations": 2548000000,
    "netIncomeFromDiscontinuedOperations": 0,
    "otherAdjustmentsToNetIncome": 0,
    "netIncome": 2548000000,
    "netIncomeDeductions": 0,
    "bottomLineNetIncome": 2548000000,
    "eps": 0.88,
    "epsDiluted": 0.88,
    "weightedAverageShsOut": 2887700000,
    "weightedAverageShsOutDil": 2912900000
  },
  {
    "date": "2007-07-01",
    "symbol": "JNJ",
    "reportedCurrency": "USD",
    "cik": "0000200406",
    "filingDate": "2007-08-08",
    "acceptedDate": "2007-08-08 15:44:20",
    "fiscalYear": "2007",
    "period": "Q2",
    "revenue": 15131000000,
    "costOfRevenue": 4358000000,
    "grossProfit": 10773000000,
    "researchAndDevelopmentExpenses": 1866000000,
    "generalAndAdministrativeExpenses": 0,
    "sellingAndMarketingExpenses": 0,
    "sellingGeneralAndAdministrativeExpenses": 5029000000,
    "otherExpenses": 0,
    "operatingExpenses": 6895000000,
    "costAndExpenses": 11253000000,
    "netInterestIncome": 0,
    "interestIncome": 0,
    "interestExpense": 0,
    "depreciationAndAmortization": 683000000,
    "ebitda": 4561000000,
    "ebit": 3878000000,
    "nonOperatingIncomeExcludingInterest": 0,
    "operatingIncome": 3878000000,
    "totalOtherIncomeExpensesNet": 153000000,
    "incomeBeforeTax": 4031000000,
    "incomeTaxExpense": 950000000,
    "netIncomeFromContinuingOperations": 3081000000,
    "netIncomeFromDiscontinuedOperations": 0,
    "otherAdjustmentsToNetIncome": 0,
    "netIncome": 3081000000,
    "netIncomeDeductions": 0,
    "bottomLineNetIncome": 3081000000,
    "eps": 1.06,
    "epsDiluted": 1.05,
    "weightedAverageShsOut": 2895100000,
    "weightedAverageShsOutDil": 2922500000
  },
  {
    "date": "2007-04-01",
    "symbol": "JNJ",
    "reportedCurrency": "USD",
    "cik": "0000200406",
    "filingDate": "2007-05-10",
    "acceptedDate": "2007-05-10 17:23:53",
    "fiscalYear": "2007",
    "period": "Q1",
    "revenue": 15037000000,
    "costOfRevenue": 4385000000,
    "grossProfit": 10652000000,
    "researchAndDevelopmentExpenses": 1652000000,
    "generalAndAdministrativeExpenses": 0,
    "sellingAndMarketingExpenses": 0,
    "sellingGeneralAndAdministrativeExpenses": 4802000000,
    "otherExpenses": 0,
    "operatingExpenses": 6454000000,
    "costAndExpenses": 10839000000,
    "netInterestIncome": 0,
    "interestIncome": 0,
    "interestExpense": 0,
    "depreciationAndAmortization": 622000000,
    "ebitda": 4820000000,
    "ebit": 4198000000,
    "nonOperatingIncomeExcludingInterest": 0,
    "operatingIncome": 4198000000,
    "totalOtherIncomeExpensesNet": -546000000,
    "incomeBeforeTax": 3652000000,
    "incomeTaxExpense": 1079000000,
    "netIncomeFromContinuingOperations": 2573000000,
    "netIncomeFromDiscontinuedOperations": 0,
    "otherAdjustmentsToNetIncome": 0,
    "netIncome": 2573000000,
    "netIncomeDeductions": 0,
    "bottomLineNetIncome": 2573000000,
    "eps": 0.89,
    "epsDiluted": 0.88,
    "weightedAverageShsOut": 2894200000,
    "weightedAverageShsOutDil": 2924300000
  },
  {
    "date": "2006-12-31",
    "symbol": "JNJ",
    "reportedCurrency": "USD",
    "cik": "0000200406",
    "filingDate": "2007-02-21",
    "acceptedDate": "2007-02-21 17:22:31",
    "fiscalYear": "2006",
    "period": "Q4",
    "revenue": 13682000000,
    "costOfRevenue": 4007000000,
    "grossProfit": 9675000000,
    "researchAndDevelopmentExpenses": 2046000000,
    "generalAndAdministrativeExpenses": 0,
    "sellingAndMarketingExpenses": 0,
    "sellingGeneralAndAdministrativeExpenses": 4696000000,
    "otherExpenses": 0,
    "operatingExpenses": 6742000000,
    "costAndExpenses": 10749000000,
    "netInterestIncome": 0,
    "interestIncome": 0,
    "interestExpense": 0,
    "depreciationAndAmortization": 571000000,
    "ebitda": 3504000000,
    "ebit": 2933000000,
    "nonOperatingIncomeExcludingInterest": 0,
    "operatingIncome": 2933000000,
    "totalOtherIncomeExpensesNet": -225000000,
    "incomeBeforeTax": 2708000000,
    "incomeTaxExpense": 540000000,
    "netIncomeFromContinuingOperations": 2168000000,
    "netIncomeFromDiscontinuedOperations": 0,
    "otherAdjustmentsToNetIncome": 0,
    "netIncome": 2168000000,
    "netIncomeDeductions": 0,
    "bottomLineNetIncome": 2168000000,
    "eps": 0.75,
    "epsDiluted": 0.74,
    "weightedAverageShsOut": 2912410638,
    "weightedAverageShsOutDil": 2939183110
  },
  {
    "date": "2006-10-01",
    "symbol": "JNJ",
    "reportedCurrency": "USD",
    "cik": "0000200406",
    "filingDate": "2006-11-08",
    "acceptedDate": "2006-11-08 09:42:06",
    "fiscalYear": "2006",
    "period": "Q3",
    "revenue": 13287000000,
    "costOfRevenue": 3650000000,
    "grossProfit": 9637000000,
    "researchAndDevelopmentExpenses": 1719000000,
    "generalAndAdministrativeExpenses": 0,
    "sellingAndMarketingExpenses": 0,
    "sellingGeneralAndAdministrativeExpenses": 4291000000,
    "otherExpenses": 0,
    "operatingExpenses": 6010000000,
    "costAndExpenses": 9660000000,
    "netInterestIncome": 0,
    "interestIncome": 0,
    "interestExpense": 0,
    "depreciationAndAmortization": 539000000,
    "ebitda": 4166000000,
    "ebit": 3627000000,
    "nonOperatingIncomeExcludingInterest": 0,
    "operatingIncome": 3627000000,
    "totalOtherIncomeExpensesNet": 34000000,
    "incomeBeforeTax": 3661000000,
    "incomeTaxExpense": 901000000,
    "netIncomeFromContinuingOperations": 2760000000,
    "netIncomeFromDiscontinuedOperations": 0,
    "otherAdjustmentsToNetIncome": 0,
    "netIncome": 2760000000,
    "netIncomeDeductions": 0,
    "bottomLineNetIncome": 2760000000,
    "eps": 0.95,
    "epsDiluted": 0.94,
    "weightedAverageShsOut": 2920000000,
    "weightedAverageShsOutDil": 2948100000
  },
  {
    "date": "2006-07-02",
    "symbol": "JNJ",
    "reportedCurrency": "USD",
    "cik": "0000200406",
    "filingDate": "2006-08-08",
    "acceptedDate": "2006-08-08 08:29:21",
    "fiscalYear": "2006",
    "period": "Q2",
    "revenue": 13363000000,
    "costOfRevenue": 3788000000,
    "grossProfit": 9575000000,
    "researchAndDevelopmentExpenses": 1828000000,
    "generalAndAdministrativeExpenses": 0,
    "sellingAndMarketingExpenses": 0,
    "sellingGeneralAndAdministrativeExpenses": 4351000000,
    "otherExpenses": 0,
    "operatingExpenses": 6179000000,
    "costAndExpenses": 9967000000,
    "netInterestIncome": 0,
    "interestIncome": 0,
    "interestExpense": 0,
    "depreciationAndAmortization": 546000000,
    "ebitda": 3942000000,
    "ebit": 3396000000,
    "nonOperatingIncomeExcludingInterest": 0,
    "operatingIncome": 3396000000,
    "totalOtherIncomeExpensesNet": 207000000,
    "incomeBeforeTax": 3603000000,
    "incomeTaxExpense": 783000000,
    "netIncomeFromContinuingOperations": 2820000000,
    "netIncomeFromDiscontinuedOperations": 0,
    "otherAdjustmentsToNetIncome": 0,
    "netIncome": 2820000000,
    "netIncomeDeductions": 0,
    "bottomLineNetIncome": 2820000000,
    "eps": 0.96,
    "epsDiluted": 0.95,
    "weightedAverageShsOut": 2954000000,
    "weightedAverageShsOutDil": 2974400000
  },
  {
    "date": "2006-04-02",
    "symbol": "JNJ",
    "reportedCurrency": "USD",
    "cik": "0000200406",
    "filingDate": "2006-05-10",
    "acceptedDate": "2006-05-10 13:56:49",
    "fiscalYear": "2006",
    "period": "Q1",
    "revenue": 12992000000,
    "costOfRevenue": 3612000000,
    "grossProfit": 9380000000,
    "researchAndDevelopmentExpenses": 1532000000,
    "generalAndAdministrativeExpenses": 0,
    "sellingAndMarketingExpenses": 0,
    "sellingGeneralAndAdministrativeExpenses": 4095000000,
    "otherExpenses": 0,
    "operatingExpenses": 5627000000,
    "costAndExpenses": 9239000000,
    "netInterestIncome": 0,
    "interestIncome": 0,
    "interestExpense": 0,
    "depreciationAndAmortization": 521000000,
    "ebitda": 4274000000,
    "ebit": 3753000000,
    "nonOperatingIncomeExcludingInterest": 0,
    "operatingIncome": 3753000000,
    "totalOtherIncomeExpensesNet": 862000000,
    "incomeBeforeTax": 4615000000,
    "incomeTaxExpense": 1310000000,
    "netIncomeFromContinuingOperations": 3305000000,
    "netIncomeFromDiscontinuedOperations": 0,
    "otherAdjustmentsToNetIncome": 0,
    "netIncome": 3305000000,
    "netIncomeDeductions": 0,
    "bottomLineNetIncome": 3305000000,
    "eps": 1.1,
    "epsDiluted": 1.1,
    "weightedAverageShsOut": 2974500000,
    "weightedAverageShsOutDil": 2992700000
  },
  {
    "date": "2005-12-31",
    "symbol": "JNJ",
    "reportedCurrency": "USD",
    "cik": "0000200406",
    "filingDate": "2006-03-14",
    "acceptedDate": "2006-03-14 16:15:17",
    "fiscalYear": "2005",
    "period": "Q4",
    "revenue": 12610000000,
    "costOfRevenue": 3624000000,
    "grossProfit": 8986000000,
    "researchAndDevelopmentExpenses": 1976000000,
    "generalAndAdministrativeExpenses": 0,
    "sellingAndMarketingExpenses": 0,
    "sellingGeneralAndAdministrativeExpenses": 4562000000,
    "otherExpenses": 0,
    "operatingExpenses": 6538000000,
    "costAndExpenses": 10162000000,
    "netInterestIncome": 0,
    "interestIncome": 0,
    "interestExpense": 0,
    "depreciationAndAmortization": 507000000,
    "ebitda": 2955000000,
    "ebit": 2448000000,
    "nonOperatingIncomeExcludingInterest": 0,
    "operatingIncome": 2448000000,
    "totalOtherIncomeExpensesNet": 190000000,
    "incomeBeforeTax": 2638000000,
    "incomeTaxExpense": 455000000,
    "netIncomeFromContinuingOperations": 2183000000,
    "netIncomeFromDiscontinuedOperations": 0,
    "otherAdjustmentsToNetIncome": 0,
    "netIncome": 2183000000,
    "netIncomeDeductions": 0,
    "bottomLineNetIncome": 2183000000,
    "eps": 0.7,
    "epsDiluted": 0.7,
    "weightedAverageShsOut": 2984825444,
    "weightedAverageShsOutDil": 2986740299
  },
  {
    "date": "2005-10-02",
    "symbol": "JNJ",
    "reportedCurrency": "USD",
    "cik": "0000200406",
    "filingDate": "2005-11-07",
    "acceptedDate": "2005-11-07 15:52:45",
    "fiscalYear": "2005",
    "period": "Q3",
    "revenue": 12310000000,
    "costOfRevenue": 3354000000,
    "grossProfit": 8956000000,
    "researchAndDevelopmentExpenses": 1539000000,
    "generalAndAdministrativeExpenses": 0,
    "sellingAndMarketingExpenses": 0,
    "sellingGeneralAndAdministrativeExpenses": 4161000000,
    "otherExpenses": 0,
    "operatingExpenses": 5700000000,
    "costAndExpenses": 9054000000,
    "netInterestIncome": 0,
    "interestIncome": 0,
    "interestExpense": 0,
    "depreciationAndAmortization": 523000000,
    "ebitda": 3779000000,
    "ebit": 3256000000,
    "nonOperatingIncomeExcludingInterest": 0,
    "operatingIncome": 3256000000,
    "totalOtherIncomeExpensesNet": 164000000,
    "incomeBeforeTax": 3420000000,
    "incomeTaxExpense": 882000000,
    "netIncomeFromContinuingOperations": 2538000000,
    "netIncomeFromDiscontinuedOperations": 0,
    "otherAdjustmentsToNetIncome": 0,
    "netIncome": 2538000000,
    "netIncomeDeductions": 0,
    "bottomLineNetIncome": 2538000000,
    "eps": 0.85,
    "epsDiluted": 0.85,
    "weightedAverageShsOut": 2974600000,
    "weightedAverageShsOutDil": 3006200000
  },
  {
    "date": "2005-07-03",
    "symbol": "JNJ",
    "reportedCurrency": "USD",
    "cik": "0000200406",
    "filingDate": "2005-08-10",
    "acceptedDate": "2005-08-10 06:07:25",
    "fiscalYear": "2005",
    "period": "Q2",
    "revenue": 12762000000,
    "costOfRevenue": 3522000000,
    "grossProfit": 9240000000,
    "researchAndDevelopmentExpenses": 1525000000,
    "generalAndAdministrativeExpenses": 0,
    "sellingAndMarketingExpenses": 0,
    "sellingGeneralAndAdministrativeExpenses": 4278000000,
    "otherExpenses": 0,
    "operatingExpenses": 5803000000,
    "costAndExpenses": 9325000000,
    "netInterestIncome": 0,
    "interestIncome": 0,
    "interestExpense": 0,
    "depreciationAndAmortization": 548000000,
    "ebitda": 3985000000,
    "ebit": 3437000000,
    "nonOperatingIncomeExcludingInterest": 0,
    "operatingIncome": 3437000000,
    "totalOtherIncomeExpensesNet": -171000000,
    "incomeBeforeTax": 3266000000,
    "incomeTaxExpense": 678000000,
    "netIncomeFromContinuingOperations": 2588000000,
    "netIncomeFromDiscontinuedOperations": 0,
    "otherAdjustmentsToNetIncome": 0,
    "netIncome": 2588000000,
    "netIncomeDeductions": 0,
    "bottomLineNetIncome": 2588000000,
    "eps": 0.87,
    "epsDiluted": 0.86,
    "weightedAverageShsOut": 2973700000,
    "weightedAverageShsOutDil": 3024700000
  },
  {
    "date": "2005-04-03",
    "symbol": "JNJ",
    "reportedCurrency": "USD",
    "cik": "0000200406",
    "filingDate": "2005-05-10",
    "acceptedDate": "2005-05-10 13:58:08",
    "fiscalYear": "2005",
    "period": "Q1",
    "revenue": 12832000000,
    "costOfRevenue": 3496000000,
    "grossProfit": 9336000000,
    "researchAndDevelopmentExpenses": 1384000000,
    "generalAndAdministrativeExpenses": 0,
    "sellingAndMarketingExpenses": 0,
    "sellingGeneralAndAdministrativeExpenses": 4127000000,
    "otherExpenses": 0,
    "operatingExpenses": 5511000000,
    "costAndExpenses": 9007000000,
    "netInterestIncome": 0,
    "interestIncome": 0,
    "interestExpense": 0,
    "depreciationAndAmortization": 515000000,
    "ebitda": 4340000000,
    "ebit": 3825000000,
    "nonOperatingIncomeExcludingInterest": 0,
    "operatingIncome": 3825000000,
    "totalOtherIncomeExpensesNet": 102000000,
    "incomeBeforeTax": 3927000000,
    "incomeTaxExpense": 1088000000,
    "netIncomeFromContinuingOperations": 2839000000,
    "netIncomeFromDiscontinuedOperations": 0,
    "otherAdjustmentsToNetIncome": 0,
    "netIncome": 2839000000,
    "netIncomeDeductions": 0,
    "bottomLineNetIncome": 2839000000,
    "eps": 0.96,
    "epsDiluted": 0.94,
    "weightedAverageShsOut": 2972100000,
    "weightedAverageShsOutDil": 3023700000
  },
  {
    "date": "2004-12-31",
    "symbol": "JNJ",
    "reportedCurrency": "USD",
    "cik": "0000200406",
    "filingDate": "2005-03-15",
    "acceptedDate": "2005-03-15 16:26:48",
    "fiscalYear": "2004",
    "period": "Q4",
    "revenue": 12752000000,
    "costOfRevenue": 3706000000,
    "grossProfit": 9046000000,
    "researchAndDevelopmentExpenses": 1727000000,
    "generalAndAdministrativeExpenses": 0,
    "sellingAndMarketingExpenses": 0,
    "sellingGeneralAndAdministrativeExpenses": 4655000000,
    "otherExpenses": 0,
    "operatingExpenses": 6382000000,
    "costAndExpenses": 10088000000,
    "netInterestIncome": 0,
    "interestIncome": 0,
    "interestExpense": 0,
    "depreciationAndAmortization": 618000000,
    "ebitda": 3282000000,
    "ebit": 2664000000,
    "nonOperatingIncomeExcludingInterest": 0,
    "operatingIncome": 2664000000,
    "totalOtherIncomeExpensesNet": -39000000,
    "incomeBeforeTax": 2625000000,
    "incomeTaxExpense": 1408000000,
    "netIncomeFromContinuingOperations": 1217000000,
    "netIncomeFromDiscontinuedOperations": 0,
    "otherAdjustmentsToNetIncome": 0,
    "netIncome": 1217000000,
    "netIncomeDeductions": 0,
    "bottomLineNetIncome": 1217000000,
    "eps": 0.29,
    "epsDiluted": 0.29,
    "weightedAverageShsOut": 2968100000,
    "weightedAverageShsOutDil": 2968100000
  },
  {
    "date": "2004-09-26",
    "symbol": "JNJ",
    "reportedCurrency": "USD",
    "cik": "0000200406",
    "filingDate": "2004-11-03",
    "acceptedDate": "2004-11-03 13:16:02",
    "fiscalYear": "2004",
    "period": "Q3",
    "revenue": 11553000000,
    "costOfRevenue": 3187000000,
    "grossProfit": 8366000000,
    "researchAndDevelopmentExpenses": 1198000000,
    "generalAndAdministrativeExpenses": 0,
    "sellingAndMarketingExpenses": 0,
    "sellingGeneralAndAdministrativeExpenses": 3854000000,
    "otherExpenses": 0,
    "operatingExpenses": 5052000000,
    "costAndExpenses": 8239000000,
    "netInterestIncome": 0,
    "interestIncome": 0,
    "interestExpense": 0,
    "depreciationAndAmortization": 479000000,
    "ebitda": 3793000000,
    "ebit": 3314000000,
    "nonOperatingIncomeExcludingInterest": 0,
    "operatingIncome": 3314000000,
    "totalOtherIncomeExpensesNet": -40000000,
    "incomeBeforeTax": 3274000000,
    "incomeTaxExpense": 933000000,
    "netIncomeFromContinuingOperations": 2341000000,
    "netIncomeFromDiscontinuedOperations": 0,
    "otherAdjustmentsToNetIncome": 0,
    "netIncome": 2341000000,
    "netIncomeDeductions": 0,
    "bottomLineNetIncome": 2341000000,
    "eps": 0.79,
    "epsDiluted": 0.78,
    "weightedAverageShsOut": 2968100000,
    "weightedAverageShsOutDil": 3009000000
  },
  {
    "date": "2004-06-27",
    "symbol": "JNJ",
    "reportedCurrency": "USD",
    "cik": "0000200406",
    "filingDate": "2004-08-03",
    "acceptedDate": "2004-08-03 11:57:32",
    "fiscalYear": "2004",
    "period": "Q2",
    "revenue": 11484000000,
    "costOfRevenue": 3162000000,
    "grossProfit": 8322000000,
    "researchAndDevelopmentExpenses": 1182000000,
    "generalAndAdministrativeExpenses": 0,
    "sellingAndMarketingExpenses": 0,
    "sellingGeneralAndAdministrativeExpenses": 3711000000,
    "otherExpenses": 0,
    "operatingExpenses": 4893000000,
    "costAndExpenses": 8055000000,
    "netInterestIncome": 0,
    "interestIncome": 0,
    "interestExpense": 0,
    "depreciationAndAmortization": 525000000,
    "ebitda": 3954000000,
    "ebit": 3429000000,
    "nonOperatingIncomeExcludingInterest": 0,
    "operatingIncome": 3429000000,
    "totalOtherIncomeExpensesNet": 6000000,
    "incomeBeforeTax": 3435000000,
    "incomeTaxExpense": 977000000,
    "netIncomeFromContinuingOperations": 2458000000,
    "netIncomeFromDiscontinuedOperations": 0,
    "otherAdjustmentsToNetIncome": 0,
    "netIncome": 2458000000,
    "netIncomeDeductions": 0,
    "bottomLineNetIncome": 2458000000,
    "eps": 0.83,
    "epsDiluted": 0.82,
    "weightedAverageShsOut": 2968200000,
    "weightedAverageShsOutDil": 3005300000
  },
  {
    "date": "2004-03-28",
    "symbol": "JNJ",
    "reportedCurrency": "USD",
    "cik": "0000200406",
    "filingDate": "2004-05-05",
    "acceptedDate": "2004-05-05 11:51:29",
    "fiscalYear": "2004",
    "period": "Q1",
    "revenue": 11559000000,
    "costOfRevenue": 3367000000,
    "grossProfit": 8192000000,
    "researchAndDevelopmentExpenses": 1095000000,
    "generalAndAdministrativeExpenses": 0,
    "sellingAndMarketingExpenses": 0,
    "sellingGeneralAndAdministrativeExpenses": 3640000000,
    "otherExpenses": 0,
    "operatingExpenses": 4735000000,
    "costAndExpenses": 8102000000,
    "netInterestIncome": 0,
    "interestIncome": 0,
    "interestExpense": 0,
    "depreciationAndAmortization": 502000000,
    "ebitda": 3959000000,
    "ebit": 3457000000,
    "nonOperatingIncomeExcludingInterest": 0,
    "operatingIncome": 3457000000,
    "totalOtherIncomeExpensesNet": 47000000,
    "incomeBeforeTax": 3504000000,
    "incomeTaxExpense": 1011000000,
    "netIncomeFromContinuingOperations": 2493000000,
    "netIncomeFromDiscontinuedOperations": 0,
    "otherAdjustmentsToNetIncome": 0,
    "netIncome": 2493000000,
    "netIncomeDeductions": 0,
    "bottomLineNetIncome": 2493000000,
    "eps": 0.84,
    "epsDiluted": 0.83,
    "weightedAverageShsOut": 2967800000,
    "weightedAverageShsOutDil": 3004600000
  },
  {
    "date": "2003-12-31",
    "symbol": "JNJ",
    "reportedCurrency": "USD",
    "cik": "0000200406",
    "filingDate": "2004-03-11",
    "acceptedDate": "2004-03-11 08:55:39",
    "fiscalYear": "2003",
    "period": "Q4",
    "revenue": 11254000000,
    "costOfRevenue": 3508000000,
    "grossProfit": 7746000000,
    "researchAndDevelopmentExpenses": 1489000000,
    "generalAndAdministrativeExpenses": 0,
    "sellingAndMarketingExpenses": 0,
    "sellingGeneralAndAdministrativeExpenses": 4054000000,
    "otherExpenses": 0,
    "operatingExpenses": 5543000000,
    "costAndExpenses": 9051000000,
    "netInterestIncome": 0,
    "interestIncome": 0,
    "interestExpense": 0,
    "depreciationAndAmortization": 522000000,
    "ebitda": 2725000000,
    "ebit": 2203000000,
    "nonOperatingIncomeExcludingInterest": 0,
    "operatingIncome": 2203000000,
    "totalOtherIncomeExpensesNet": 171000000,
    "incomeBeforeTax": 2374000000,
    "incomeTaxExpense": 529000000,
    "netIncomeFromContinuingOperations": 1845000000,
    "netIncomeFromDiscontinuedOperations": 0,
    "otherAdjustmentsToNetIncome": 0,
    "netIncome": 1845000000,
    "netIncomeDeductions": 0,
    "bottomLineNetIncome": 1845000000,
    "eps": 0.62,
    "epsDiluted": 0.51,
    "weightedAverageShsOut": 2968000000,
    "weightedAverageShsOutDil": 3535179039
  },
  {
    "date": "2003-09-28",
    "symbol": "JNJ",
    "reportedCurrency": "USD",
    "cik": "0000200406",
    "filingDate": "2003-11-12",
    "acceptedDate": "2003-11-12 12:35:52",
    "fiscalYear": "2003",
    "period": "Q3",
    "revenue": 10455000000,
    "costOfRevenue": 2980000000,
    "grossProfit": 7475000000,
    "researchAndDevelopmentExpenses": 1177000000,
    "generalAndAdministrativeExpenses": 0,
    "sellingAndMarketingExpenses": 0,
    "sellingGeneralAndAdministrativeExpenses": 3428000000,
    "otherExpenses": 0,
    "operatingExpenses": 4605000000,
    "costAndExpenses": 7585000000,
    "netInterestIncome": 0,
    "interestIncome": 0,
    "interestExpense": 0,
    "depreciationAndAmortization": 479000000,
    "ebitda": 3349000000,
    "ebit": 2870000000,
    "nonOperatingIncomeExcludingInterest": 0,
    "operatingIncome": 2870000000,
    "totalOtherIncomeExpensesNet": 79000000,
    "incomeBeforeTax": 2949000000,
    "incomeTaxExpense": 877000000,
    "netIncomeFromContinuingOperations": 2072000000,
    "netIncomeFromDiscontinuedOperations": 0,
    "otherAdjustmentsToNetIncome": 0,
    "netIncome": 2072000000,
    "netIncomeDeductions": 0,
    "bottomLineNetIncome": 2072000000,
    "eps": 0.7,
    "epsDiluted": 0.69,
    "weightedAverageShsOut": 2968000000,
    "weightedAverageShsOutDil": 3008300000
  },
  {
    "date": "2003-06-29",
    "symbol": "JNJ",
    "reportedCurrency": "USD",
    "cik": "0000200406",
    "filingDate": "2003-08-11",
    "acceptedDate": "2003-08-11 17:30:51",
    "fiscalYear": "2003",
    "period": "Q2",
    "revenue": 10332000000,
    "costOfRevenue": 2966000000,
    "grossProfit": 7366000000,
    "researchAndDevelopmentExpenses": 1082000000,
    "generalAndAdministrativeExpenses": 0,
    "sellingAndMarketingExpenses": 0,
    "sellingGeneralAndAdministrativeExpenses": 3396000000,
    "otherExpenses": 0,
    "operatingExpenses": 4478000000,
    "costAndExpenses": 7444000000,
    "netInterestIncome": 0,
    "interestIncome": 0,
    "interestExpense": 0,
    "depreciationAndAmortization": 422000000,
    "ebitda": 3310000000,
    "ebit": 2888000000,
    "nonOperatingIncomeExcludingInterest": 0,
    "operatingIncome": 2888000000,
    "totalOtherIncomeExpensesNet": -832000000,
    "incomeBeforeTax": 2056000000,
    "incomeTaxExpense": 846000000,
    "netIncomeFromContinuingOperations": 1210000000,
    "netIncomeFromDiscontinuedOperations": 0,
    "otherAdjustmentsToNetIncome": 0,
    "netIncome": 1210000000,
    "netIncomeDeductions": 0,
    "bottomLineNetIncome": 1210000000,
    "eps": 0.41,
    "epsDiluted": 0.4,
    "weightedAverageShsOut": 2967700000,
    "weightedAverageShsOutDil": 3015900000
  },
  {
    "date": "2003-03-30",
    "symbol": "JNJ",
    "reportedCurrency": "USD",
    "cik": "0000200406",
    "filingDate": "2003-05-14",
    "acceptedDate": "2003-05-14 14:04:02",
    "fiscalYear": "2003",
    "period": "Q1",
    "revenue": 9821000000,
    "costOfRevenue": 2722000000,
    "grossProfit": 7099000000,
    "researchAndDevelopmentExpenses": 936000000,
    "generalAndAdministrativeExpenses": 0,
    "sellingAndMarketingExpenses": 0,
    "sellingGeneralAndAdministrativeExpenses": 3253000000,
    "otherExpenses": 0,
    "operatingExpenses": 4189000000,
    "costAndExpenses": 6911000000,
    "netInterestIncome": 0,
    "interestIncome": 0,
    "interestExpense": 0,
    "depreciationAndAmortization": 446000000,
    "ebitda": 3356000000,
    "ebit": 2910000000,
    "nonOperatingIncomeExcludingInterest": 0,
    "operatingIncome": 2910000000,
    "totalOtherIncomeExpensesNet": 19000000,
    "incomeBeforeTax": 2929000000,
    "incomeTaxExpense": 859000000,
    "netIncomeFromContinuingOperations": 2070000000,
    "netIncomeFromDiscontinuedOperations": 0,
    "otherAdjustmentsToNetIncome": 0,
    "netIncome": 2070000000,
    "netIncomeDeductions": 0,
    "bottomLineNetIncome": 2070000000,
    "eps": 0.7,
    "epsDiluted": 0.69,
    "weightedAverageShsOut": 2968400000,
    "weightedAverageShsOutDil": 3018500000
  },
  {
    "date": "2002-12-31",
    "symbol": "JNJ",
    "reportedCurrency": "USD",
    "cik": "0000200406",
    "filingDate": "2003-03-18",
    "acceptedDate": "2003-03-18 16:06:24",
    "fiscalYear": "2002",
    "period": "Q4",
    "revenue": 9403000000,
    "costOfRevenue": 2797000000,
    "grossProfit": 6606000000,
    "researchAndDevelopmentExpenses": 1242000000,
    "generalAndAdministrativeExpenses": 0,
    "sellingAndMarketingExpenses": 0,
    "sellingGeneralAndAdministrativeExpenses": 3350000000,
    "otherExpenses": 0,
    "operatingExpenses": 4592000000,
    "costAndExpenses": 7389000000,
    "netInterestIncome": 0,
    "interestIncome": 0,
    "interestExpense": 0,
    "depreciationAndAmortization": 388000000,
    "ebitda": 2402000000,
    "ebit": 2014000000,
    "nonOperatingIncomeExcludingInterest": 0,
    "operatingIncome": 2014000000,
    "totalOtherIncomeExpensesNet": -165000000,
    "incomeBeforeTax": 1849000000,
    "incomeTaxExpense": 465000000,
    "netIncomeFromContinuingOperations": 1384000000,
    "netIncomeFromDiscontinuedOperations": 0,
    "otherAdjustmentsToNetIncome": 0,
    "netIncome": 1384000000,
    "netIncomeDeductions": 0,
    "bottomLineNetIncome": 1384000000,
    "eps": 0.47,
    "epsDiluted": 0.46,
    "weightedAverageShsOut": 2973845455,
    "weightedAverageShsOutDil": 3018666667
  },
  {
    "date": "2002-09-29",
    "symbol": "JNJ",
    "reportedCurrency": "USD",
    "cik": "0000200406",
    "filingDate": "2002-11-12",
    "acceptedDate": "2002-11-12 08:48:22",
    "fiscalYear": "2002",
    "period": "Q3",
    "revenue": 9079000000,
    "costOfRevenue": 2611000000,
    "grossProfit": 6468000000,
    "researchAndDevelopmentExpenses": 952000000,
    "generalAndAdministrativeExpenses": 0,
    "sellingAndMarketingExpenses": 0,
    "sellingGeneralAndAdministrativeExpenses": 3006000000,
    "otherExpenses": 0,
    "operatingExpenses": 3958000000,
    "costAndExpenses": 6569000000,
    "netInterestIncome": 0,
    "interestIncome": 0,
    "interestExpense": 0,
    "depreciationAndAmortization": 442000000,
    "ebitda": 2952000000,
    "ebit": 2510000000,
    "nonOperatingIncomeExcludingInterest": 0,
    "operatingIncome": 2510000000,
    "totalOtherIncomeExpensesNet": -117000000,
    "incomeBeforeTax": 2393000000,
    "incomeTaxExpense": 668000000,
    "netIncomeFromContinuingOperations": 1725000000,
    "netIncomeFromDiscontinuedOperations": 0,
    "otherAdjustmentsToNetIncome": 0,
    "netIncome": 1725000000,
    "netIncomeDeductions": 0,
    "bottomLineNetIncome": 1725000000,
    "eps": 0.58,
    "epsDiluted": 0.57,
    "weightedAverageShsOut": 2974400000,
    "weightedAverageShsOutDil": 3026700000
  },
  {
    "date": "2002-07-30",
    "symbol": "JNJ",
    "reportedCurrency": "USD",
    "cik": "0000200406",
    "filingDate": "2002-08-12",
    "acceptedDate": "2002-08-12 16:40:43",
    "fiscalYear": "2002",
    "period": "Q2",
    "revenue": 9073000000,
    "costOfRevenue": 2582000000,
    "grossProfit": 6491000000,
    "researchAndDevelopmentExpenses": 932000000,
    "generalAndAdministrativeExpenses": 0,
    "sellingAndMarketingExpenses": 0,
    "sellingGeneralAndAdministrativeExpenses": 3017000000,
    "otherExpenses": 0,
    "operatingExpenses": 3949000000,
    "costAndExpenses": 6531000000,
    "netInterestIncome": 0,
    "interestIncome": 0,
    "interestExpense": 0,
    "depreciationAndAmortization": 420000000,
    "ebitda": 2962000000,
    "ebit": 2542000000,
    "nonOperatingIncomeExcludingInterest": 0,
    "operatingIncome": 2542000000,
    "totalOtherIncomeExpensesNet": -114000000,
    "incomeBeforeTax": 2428000000,
    "incomeTaxExpense": 774000000,
    "netIncomeFromContinuingOperations": 1654000000,
    "netIncomeFromDiscontinuedOperations": 0,
    "otherAdjustmentsToNetIncome": 0,
    "netIncome": 1654000000,
    "netIncomeDeductions": 0,
    "bottomLineNetIncome": 1654000000,
    "eps": 0.55,
    "epsDiluted": 0.54,
    "weightedAverageShsOut": 3003400000,
    "weightedAverageShsOutDil": 3069300000
  },
  {
    "date": "2002-03-31",
    "symbol": "JNJ",
    "reportedCurrency": "USD",
    "cik": "0000200406",
    "filingDate": "2002-05-14",
    "acceptedDate": "2002-05-14 16:20:52",
    "fiscalYear": "2002",
    "period": "Q1",
    "revenue": 8743000000,
    "costOfRevenue": 2457000000,
    "grossProfit": 6286000000,
    "researchAndDevelopmentExpenses": 831000000,
    "generalAndAdministrativeExpenses": 0,
    "sellingAndMarketingExpenses": 0,
    "sellingGeneralAndAdministrativeExpenses": 2843000000,
    "otherExpenses": 0,
    "operatingExpenses": 3674000000,
    "costAndExpenses": 6131000000,
    "netInterestIncome": 0,
    "interestIncome": 0,
    "interestExpense": 0,
    "depreciationAndAmortization": 412000000,
    "ebitda": 3024000000,
    "ebit": 2612000000,
    "nonOperatingIncomeExcludingInterest": 0,
    "operatingIncome": 2612000000,
    "totalOtherIncomeExpensesNet": 9000000,
    "incomeBeforeTax": 2621000000,
    "incomeTaxExpense": 787000000,
    "netIncomeFromContinuingOperations": 1834000000,
    "netIncomeFromDiscontinuedOperations": 0,
    "otherAdjustmentsToNetIncome": 0,
    "netIncome": 1834000000,
    "netIncomeDeductions": 0,
    "bottomLineNetIncome": 1834000000,
    "eps": 0.6,
    "epsDiluted": 0.59,
    "weightedAverageShsOut": 3042000000,
    "weightedAverageShsOutDil": 3115400000
  },
  {
    "date": "2001-12-31",
    "symbol": "JNJ",
    "reportedCurrency": "USD",
    "cik": "0000200406",
    "filingDate": "2002-03-20",
    "acceptedDate": "2002-03-20 00:00:00",
    "fiscalYear": "2001",
    "period": "Q4",
    "revenue": 8403000000,
    "costOfRevenue": 2489000000,
    "grossProfit": 5914000000,
    "researchAndDevelopmentExpenses": 1104000000,
    "generalAndAdministrativeExpenses": 0,
    "sellingAndMarketingExpenses": 0,
    "sellingGeneralAndAdministrativeExpenses": 3280000000,
    "otherExpenses": 0,
    "operatingExpenses": 4384000000,
    "costAndExpenses": 6873000000,
    "netInterestIncome": 0,
    "interestIncome": 0,
    "interestExpense": 0,
    "depreciationAndAmortization": 364000000,
    "ebitda": 1894000000,
    "ebit": 1530000000,
    "nonOperatingIncomeExcludingInterest": 0,
    "operatingIncome": 1530000000,
    "totalOtherIncomeExpensesNet": -86000000,
    "incomeBeforeTax": 1444000000,
    "incomeTaxExpense": 339000000,
    "netIncomeFromContinuingOperations": 1105000000,
    "netIncomeFromDiscontinuedOperations": 0,
    "otherAdjustmentsToNetIncome": 0,
    "netIncome": 1105000000,
    "netIncomeDeductions": 0,
    "bottomLineNetIncome": 1105000000,
    "eps": 0.36,
    "epsDiluted": 0.36,
    "weightedAverageShsOut": 3034964171,
    "weightedAverageShsOutDil": 3034964171
  },
  {
    "date": "2001-09-30",
    "symbol": "JNJ",
    "reportedCurrency": "USD",
    "cik": "0000200406",
    "filingDate": "2001-11-13",
    "acceptedDate": "2001-11-13 00:00:00",
    "fiscalYear": "2001",
    "period": "Q3",
    "revenue": 8058000000,
    "costOfRevenue": 2396000000,
    "grossProfit": 5662000000,
    "researchAndDevelopmentExpenses": 899000000,
    "generalAndAdministrativeExpenses": 0,
    "sellingAndMarketingExpenses": 0,
    "sellingGeneralAndAdministrativeExpenses": 2703000000,
    "otherExpenses": 0,
    "operatingExpenses": 3602000000,
    "costAndExpenses": 5998000000,
    "netInterestIncome": 0,
    "interestIncome": 0,
    "interestExpense": 0,
    "depreciationAndAmortization": 437000000,
    "ebitda": 2497000000,
    "ebit": 2060000000,
    "nonOperatingIncomeExcludingInterest": 0,
    "operatingIncome": 2060000000,
    "totalOtherIncomeExpensesNet": 48000000,
    "incomeBeforeTax": 2108000000,
    "incomeTaxExpense": 579000000,
    "netIncomeFromContinuingOperations": 1529000000,
    "netIncomeFromDiscontinuedOperations": 0,
    "otherAdjustmentsToNetIncome": 0,
    "netIncome": 1529000000,
    "netIncomeDeductions": 0,
    "bottomLineNetIncome": 1529000000,
    "eps": 0.5,
    "epsDiluted": 0.49,
    "weightedAverageShsOut": 3039200000,
    "weightedAverageShsOutDil": 3110900000
  },
  {
    "date": "2001-07-01",
    "symbol": "JNJ",
    "reportedCurrency": "USD",
    "cik": "0000200406",
    "filingDate": "2001-08-15",
    "acceptedDate": "2001-08-15 00:00:00",
    "fiscalYear": "2001",
    "period": "Q2",
    "revenue": 8179000000,
    "costOfRevenue": 2372000000,
    "grossProfit": 5807000000,
    "researchAndDevelopmentExpenses": 829000000,
    "generalAndAdministrativeExpenses": 0,
    "sellingAndMarketingExpenses": 0,
    "sellingGeneralAndAdministrativeExpenses": 2802000000,
    "otherExpenses": 0,
    "operatingExpenses": 3631000000,
    "costAndExpenses": 6003000000,
    "netInterestIncome": 0,
    "interestIncome": 0,
    "interestExpense": 0,
    "depreciationAndAmortization": 392000000,
    "ebitda": 2568000000,
    "ebit": 2176000000,
    "nonOperatingIncomeExcludingInterest": 0,
    "operatingIncome": 2176000000,
    "totalOtherIncomeExpensesNet": -47000000,
    "incomeBeforeTax": 2129000000,
    "incomeTaxExpense": 647000000,
    "netIncomeFromContinuingOperations": 1482000000,
    "netIncomeFromDiscontinuedOperations": 0,
    "otherAdjustmentsToNetIncome": 0,
    "netIncome": 1482000000,
    "netIncomeDeductions": 0,
    "bottomLineNetIncome": 1482000000,
    "eps": 0.49,
    "epsDiluted": 0.48,
    "weightedAverageShsOut": 3029300000,
    "weightedAverageShsOutDil": 3110500000
  },
  {
    "date": "2001-04-01",
    "symbol": "JNJ",
    "reportedCurrency": "USD",
    "cik": "0000200406",
    "filingDate": "2001-05-14",
    "acceptedDate": "2001-05-14 00:00:00",
    "fiscalYear": "2001",
    "period": "Q1",
    "revenue": 7855000000,
    "costOfRevenue": 2311000000,
    "grossProfit": 5544000000,
    "researchAndDevelopmentExpenses": 759000000,
    "generalAndAdministrativeExpenses": 0,
    "sellingAndMarketingExpenses": 0,
    "sellingGeneralAndAdministrativeExpenses": 2666000000,
    "otherExpenses": 0,
    "operatingExpenses": 3425000000,
    "costAndExpenses": 5736000000,
    "netInterestIncome": 0,
    "interestIncome": 0,
    "interestExpense": 0,
    "depreciationAndAmortization": 412000000,
    "ebitda": 2531000000,
    "ebit": 2119000000,
    "nonOperatingIncomeExcludingInterest": 0,
    "operatingIncome": 2119000000,
    "totalOtherIncomeExpensesNet": 98000000,
    "incomeBeforeTax": 2217000000,
    "incomeTaxExpense": 665000000,
    "netIncomeFromContinuingOperations": 1552000000,
    "netIncomeFromDiscontinuedOperations": 0,
    "otherAdjustmentsToNetIncome": 0,
    "netIncome": 1552000000,
    "netIncomeDeductions": 0,
    "bottomLineNetIncome": 1552000000,
    "eps": 0.51,
    "epsDiluted": 0.5,
    "weightedAverageShsOut": 3020400000,
    "weightedAverageShsOutDil": 3106900000
  },
  {
    "date": "2000-12-31",
    "symbol": "JNJ",
    "reportedCurrency": "USD",
    "cik": "0000200406",
    "filingDate": "2001-03-30",
    "acceptedDate": "2001-03-30 00:00:00",
    "fiscalYear": "2000",
    "period": "Q4",
    "revenue": 7108000000,
    "costOfRevenue": 1853000000,
    "grossProfit": 5255000000,
    "researchAndDevelopmentExpenses": 930000000,
    "generalAndAdministrativeExpenses": 0,
    "sellingAndMarketingExpenses": 0,
    "sellingGeneralAndAdministrativeExpenses": 2846000000,
    "otherExpenses": 332000000,
    "operatingExpenses": 4108000000,
    "costAndExpenses": 5961000000,
    "netInterestIncome": 0,
    "interestIncome": 0,
    "interestExpense": 0,
    "depreciationAndAmortization": 332000000,
    "ebitda": 1479000000,
    "ebit": 1147000000,
    "nonOperatingIncomeExcludingInterest": 0,
    "operatingIncome": 1147000000,
    "totalOtherIncomeExpensesNet": -29000000,
    "incomeBeforeTax": 1118000000,
    "incomeTaxExpense": 227000000,
    "netIncomeFromContinuingOperations": 891000000,
    "netIncomeFromDiscontinuedOperations": 0,
    "otherAdjustmentsToNetIncome": 0,
    "netIncome": 891000000,
    "netIncomeDeductions": 0,
    "bottomLineNetIncome": 891000000,
    "eps": 0.31,
    "epsDiluted": 0.3,
    "weightedAverageShsOut": 3013900000,
    "weightedAverageShsOutDil": 3108200000
  },
  {
    "date": "2000-10-01",
    "symbol": "JNJ",
    "reportedCurrency": "USD",
    "cik": "0000200406",
    "filingDate": "2000-10-31",
    "acceptedDate": "2000-10-31 00:00:00",
    "fiscalYear": "2000",
    "period": "Q3",
    "revenue": 7438000000,
    "costOfRevenue": 2191000000,
    "grossProfit": 5247000000,
    "researchAndDevelopmentExpenses": 739000000,
    "generalAndAdministrativeExpenses": 0,
    "sellingAndMarketingExpenses": 0,
    "sellingGeneralAndAdministrativeExpenses": 2767000000,
    "otherExpenses": 0,
    "operatingExpenses": 3506000000,
    "costAndExpenses": 5697000000,
    "netInterestIncome": 0,
    "interestIncome": 0,
    "interestExpense": 0,
    "depreciationAndAmortization": 407000000,
    "ebitda": 2148000000,
    "ebit": 1741000000,
    "nonOperatingIncomeExcludingInterest": 0,
    "operatingIncome": 1741000000,
    "totalOtherIncomeExpensesNet": 93000000,
    "incomeBeforeTax": 1834000000,
    "incomeTaxExpense": 511000000,
    "netIncomeFromContinuingOperations": 1323000000,
    "netIncomeFromDiscontinuedOperations": 0,
    "otherAdjustmentsToNetIncome": 0,
    "netIncome": 1323000000,
    "netIncomeDeductions": 0,
    "bottomLineNetIncome": 1323000000,
    "eps": 0.44,
    "epsDiluted": 0.43,
    "weightedAverageShsOut": 2998400000,
    "weightedAverageShsOutDil": 3113400000
  },
  {
    "date": "2000-06-02",
    "symbol": "JNJ",
    "reportedCurrency": "USD",
    "cik": "0000200406",
    "filingDate": "2000-08-15",
    "acceptedDate": "2000-08-15 00:00:00",
    "fiscalYear": "2000",
    "period": "Q2",
    "revenue": 7670000000,
    "costOfRevenue": 2261000000,
    "grossProfit": 5409000000,
    "researchAndDevelopmentExpenses": 713000000,
    "generalAndAdministrativeExpenses": 0,
    "sellingAndMarketingExpenses": 0,
    "sellingGeneralAndAdministrativeExpenses": 2829000000,
    "otherExpenses": 0,
    "operatingExpenses": 3542000000,
    "costAndExpenses": 5803000000,
    "netInterestIncome": 0,
    "interestIncome": 0,
    "interestExpense": 0,
    "depreciationAndAmortization": 401000000,
    "ebitda": 2268000000,
    "ebit": 1867000000,
    "nonOperatingIncomeExcludingInterest": 0,
    "operatingIncome": 1867000000,
    "totalOtherIncomeExpensesNet": 46000000,
    "incomeBeforeTax": 1913000000,
    "incomeTaxExpense": 550000000,
    "netIncomeFromContinuingOperations": 1363000000,
    "netIncomeFromDiscontinuedOperations": 0,
    "otherAdjustmentsToNetIncome": 0,
    "netIncome": 1363000000,
    "netIncomeDeductions": 0,
    "bottomLineNetIncome": 1363000000,
    "eps": 0.46,
    "epsDiluted": 0.44,
    "weightedAverageShsOut": 2983000000,
    "weightedAverageShsOutDil": 3094900000
  },
  {
    "date": "2000-04-02",
    "symbol": "JNJ",
    "reportedCurrency": "USD",
    "cik": "0000200406",
    "filingDate": "2000-05-15",
    "acceptedDate": "2000-05-15 00:00:00",
    "fiscalYear": "2000",
    "period": "Q1",
    "revenue": 7319000000,
    "costOfRevenue": 1810000000,
    "grossProfit": 5509000000,
    "researchAndDevelopmentExpenses": 637000000,
    "generalAndAdministrativeExpenses": 0,
    "sellingAndMarketingExpenses": 0,
    "sellingGeneralAndAdministrativeExpenses": 2609000000,
    "otherExpenses": 431000000,
    "operatingExpenses": 3677000000,
    "costAndExpenses": 5487000000,
    "netInterestIncome": 0,
    "interestIncome": 0,
    "interestExpense": 0,
    "depreciationAndAmortization": 431000000,
    "ebitda": 2263000000,
    "ebit": 1832000000,
    "nonOperatingIncomeExcludingInterest": 0,
    "operatingIncome": 1832000000,
    "totalOtherIncomeExpensesNet": 60000000,
    "incomeBeforeTax": 1892000000,
    "incomeTaxExpense": 578000000,
    "netIncomeFromContinuingOperations": 1314000000,
    "netIncomeFromDiscontinuedOperations": 0,
    "otherAdjustmentsToNetIncome": 0,
    "netIncome": 1314000000,
    "netIncomeDeductions": 0,
    "bottomLineNetIncome": 1314000000,
    "eps": 0.48,
    "epsDiluted": 0.47,
    "weightedAverageShsOut": 2779400000,
    "weightedAverageShsOutDil": 2822000000
  },
  {
    "date": "1999-12-31",
    "symbol": "JNJ",
    "reportedCurrency": "USD",
    "cik": "0000200406",
    "filingDate": "2000-03-31",
    "acceptedDate": "2000-03-31 00:00:00",
    "fiscalYear": "1999",
    "period": "Q4",
    "revenue": 7230000000,
    "costOfRevenue": 1943000000,
    "grossProfit": 5287000000,
    "researchAndDevelopmentExpenses": 877000000,
    "generalAndAdministrativeExpenses": 0,
    "sellingAndMarketingExpenses": 0,
    "sellingGeneralAndAdministrativeExpenses": 2987000000,
    "otherExpenses": 345000000,
    "operatingExpenses": 4209000000,
    "costAndExpenses": 6152000000,
    "netInterestIncome": 0,
    "interestIncome": 0,
    "interestExpense": 0,
    "depreciationAndAmortization": 345000000,
    "ebitda": 1423000000,
    "ebit": 1078000000,
    "nonOperatingIncomeExcludingInterest": 0,
    "operatingIncome": 1078000000,
    "totalOtherIncomeExpensesNet": -55000000,
    "incomeBeforeTax": 1023000000,
    "incomeTaxExpense": 238000000,
    "netIncomeFromContinuingOperations": 785000000,
    "netIncomeFromDiscontinuedOperations": 0,
    "otherAdjustmentsToNetIncome": 0,
    "netIncome": 785000000,
    "netIncomeDeductions": 0,
    "bottomLineNetIncome": 785000000,
    "eps": 0.2,
    "epsDiluted": 0.19,
    "weightedAverageShsOut": 3611847552,
    "weightedAverageShsOutDil": 3784802878
  },
  {
    "date": "1999-10-03",
    "symbol": "JNJ",
    "reportedCurrency": "USD",
    "cik": "0000200406",
    "filingDate": "1999-11-16",
    "acceptedDate": "1999-11-16 00:00:00",
    "fiscalYear": "1999",
    "period": "Q3",
    "revenue": 6884000000,
    "costOfRevenue": 1679000000,
    "grossProfit": 5205000000,
    "researchAndDevelopmentExpenses": 635000000,
    "generalAndAdministrativeExpenses": 0,
    "sellingAndMarketingExpenses": 0,
    "sellingGeneralAndAdministrativeExpenses": 2617000000,
    "otherExpenses": 389000000,
    "operatingExpenses": 3641000000,
    "costAndExpenses": 5320000000,
    "netInterestIncome": 0,
    "interestIncome": 0,
    "interestExpense": 0,
    "depreciationAndAmortization": 389000000,
    "ebitda": 1953000000,
    "ebit": 1564000000,
    "nonOperatingIncomeExcludingInterest": 0,
    "operatingIncome": 1564000000,
    "totalOtherIncomeExpensesNet": -33000000,
    "incomeBeforeTax": 1531000000,
    "incomeTaxExpense": 420000000,
    "netIncomeFromContinuingOperations": 1111000000,
    "netIncomeFromDiscontinuedOperations": 0,
    "otherAdjustmentsToNetIncome": 0,
    "netIncome": 1111000000,
    "netIncomeDeductions": 0,
    "bottomLineNetIncome": 1111000000,
    "eps": 0.4,
    "epsDiluted": 0.39,
    "weightedAverageShsOut": 2779800000,
    "weightedAverageShsOutDil": 2838000000
  },
  {
    "date": "1999-07-04",
    "symbol": "JNJ",
    "reportedCurrency": "USD",
    "cik": "0000200406",
    "filingDate": "1999-08-13",
    "acceptedDate": "1999-08-13 00:00:00",
    "fiscalYear": "1999",
    "period": "Q2",
    "revenue": 6971000000,
    "costOfRevenue": 1807000000,
    "grossProfit": 5164000000,
    "researchAndDevelopmentExpenses": 596000000,
    "generalAndAdministrativeExpenses": 0,
    "sellingAndMarketingExpenses": 0,
    "sellingGeneralAndAdministrativeExpenses": 2588000000,
    "otherExpenses": 316000000,
    "operatingExpenses": 3500000000,
    "costAndExpenses": 5307000000,
    "netInterestIncome": 0,
    "interestIncome": 0,
    "interestExpense": 0,
    "depreciationAndAmortization": 328000000,
    "ebitda": 1992000000,
    "ebit": 1664000000,
    "nonOperatingIncomeExcludingInterest": 0,
    "operatingIncome": 1664000000,
    "totalOtherIncomeExpensesNet": -35000000,
    "incomeBeforeTax": 1629000000,
    "incomeTaxExpense": 465000000,
    "netIncomeFromContinuingOperations": 1164000000,
    "netIncomeFromDiscontinuedOperations": 0,
    "otherAdjustmentsToNetIncome": 0,
    "netIncome": 1164000000,
    "netIncomeDeductions": 0,
    "bottomLineNetIncome": 1164000000,
    "eps": 0.42,
    "epsDiluted": 0.41,
    "weightedAverageShsOut": 2780200000,
    "weightedAverageShsOutDil": 2842400000
  },
  {
    "date": "1999-04-04",
    "symbol": "JNJ",
    "reportedCurrency": "USD",
    "cik": "0000200406",
    "filingDate": "1999-05-17",
    "acceptedDate": "1999-05-17 00:00:00",
    "fiscalYear": "1999",
    "period": "Q1",
    "revenue": 6739000000,
    "costOfRevenue": 1651000000,
    "grossProfit": 5088000000,
    "researchAndDevelopmentExpenses": 557000000,
    "generalAndAdministrativeExpenses": 0,
    "sellingAndMarketingExpenses": 0,
    "sellingGeneralAndAdministrativeExpenses": 2437000000,
    "otherExpenses": 419000000,
    "operatingExpenses": 3413000000,
    "costAndExpenses": 5064000000,
    "netInterestIncome": 0,
    "interestIncome": 0,
    "interestExpense": 0,
    "depreciationAndAmortization": 419000000,
    "ebitda": 2094000000,
    "ebit": 1675000000,
    "nonOperatingIncomeExcludingInterest": 0,
    "operatingIncome": 1675000000,
    "totalOtherIncomeExpensesNet": -53000000,
    "incomeBeforeTax": 1622000000,
    "incomeTaxExpense": 484000000,
    "netIncomeFromContinuingOperations": 1138000000,
    "netIncomeFromDiscontinuedOperations": 0,
    "otherAdjustmentsToNetIncome": 0,
    "netIncome": 1138000000,
    "netIncomeDeductions": 0,
    "bottomLineNetIncome": 1138000000,
    "eps": 0.41,
    "epsDiluted": 0.4,
    "weightedAverageShsOut": 2780400000,
    "weightedAverageShsOutDil": 2839400000
  },
  {
    "date": "1998-12-31",
    "symbol": "JNJ",
    "reportedCurrency": "USD",
    "cik": "0000200406",
    "filingDate": "1999-04-01",
    "acceptedDate": "1999-04-01 00:00:00",
    "fiscalYear": "1998",
    "period": "Q4",
    "revenue": 6367000000,
    "costOfRevenue": 1758000000,
    "grossProfit": 4609000000,
    "researchAndDevelopmentExpenses": 732000000,
    "generalAndAdministrativeExpenses": 0,
    "sellingAndMarketingExpenses": 0,
    "sellingGeneralAndAdministrativeExpenses": 2542000000,
    "otherExpenses": 340000000,
    "operatingExpenses": 3614000000,
    "costAndExpenses": 5372000000,
    "netInterestIncome": 0,
    "interestIncome": 0,
    "interestExpense": 0,
    "depreciationAndAmortization": 340000000,
    "ebitda": 1335000000,
    "ebit": 995000000,
    "nonOperatingIncomeExcludingInterest": 0,
    "operatingIncome": 995000000,
    "totalOtherIncomeExpensesNet": -848000000,
    "incomeBeforeTax": 147000000,
    "incomeTaxExpense": 64000000,
    "netIncomeFromContinuingOperations": 83000000,
    "netIncomeFromDiscontinuedOperations": 0,
    "otherAdjustmentsToNetIncome": 0,
    "netIncome": 83000000,
    "netIncomeDeductions": 0,
    "bottomLineNetIncome": 83000000,
    "eps": -0.025,
    "epsDiluted": -0.025,
    "weightedAverageShsOut": 3042584213,
    "weightedAverageShsOutDil": 3103504043
  },
  {
    "date": "1998-09-27",
    "symbol": "JNJ",
    "reportedCurrency": "USD",
    "cik": "0000200406",
    "filingDate": "1998-11-10",
    "acceptedDate": "1998-11-10 00:00:00",
    "fiscalYear": "1998",
    "period": "Q3",
    "revenue": 5724000000,
    "costOfRevenue": 1465000000,
    "grossProfit": 4259000000,
    "researchAndDevelopmentExpenses": 511000000,
    "generalAndAdministrativeExpenses": 0,
    "sellingAndMarketingExpenses": 0,
    "sellingGeneralAndAdministrativeExpenses": 2151000000,
    "otherExpenses": 293000000,
    "operatingExpenses": 2955000000,
    "costAndExpenses": 4420000000,
    "netInterestIncome": 0,
    "interestIncome": 0,
    "interestExpense": 0,
    "depreciationAndAmortization": 293000000,
    "ebitda": 1597000000,
    "ebit": 1304000000,
    "nonOperatingIncomeExcludingInterest": 0,
    "operatingIncome": 1304000000,
    "totalOtherIncomeExpensesNet": 13000000,
    "incomeBeforeTax": 1317000000,
    "incomeTaxExpense": 356000000,
    "netIncomeFromContinuingOperations": 961000000,
    "netIncomeFromDiscontinuedOperations": 0,
    "otherAdjustmentsToNetIncome": 0,
    "netIncome": 961000000,
    "netIncomeDeductions": 0,
    "bottomLineNetIncome": 961000000,
    "eps": 0.36,
    "epsDiluted": 0.35,
    "weightedAverageShsOut": 2707042254,
    "weightedAverageShsOutDil": 2745714286
  },
  {
    "date": "1998-06-28",
    "symbol": "JNJ",
    "reportedCurrency": "USD",
    "cik": "0000200406",
    "filingDate": "1998-08-07",
    "acceptedDate": "1998-08-07 00:00:00",
    "fiscalYear": "1998",
    "period": "Q2",
    "revenue": 5783000000,
    "costOfRevenue": 1484000000,
    "grossProfit": 4299000000,
    "researchAndDevelopmentExpenses": 532000000,
    "generalAndAdministrativeExpenses": 0,
    "sellingAndMarketingExpenses": 0,
    "sellingGeneralAndAdministrativeExpenses": 2114000000,
    "otherExpenses": 319000000,
    "operatingExpenses": 2965000000,
    "costAndExpenses": 4449000000,
    "netInterestIncome": 0,
    "interestIncome": 0,
    "interestExpense": 0,
    "depreciationAndAmortization": 319000000,
    "ebitda": 1653000000,
    "ebit": 1334000000,
    "nonOperatingIncomeExcludingInterest": 0,
    "operatingIncome": 1334000000,
    "totalOtherIncomeExpensesNet": 37000000,
    "incomeBeforeTax": 1371000000,
    "incomeTaxExpense": 366000000,
    "netIncomeFromContinuingOperations": 1005000000,
    "netIncomeFromDiscontinuedOperations": 0,
    "otherAdjustmentsToNetIncome": 0,
    "netIncome": 1005000000,
    "netIncomeDeductions": 0,
    "bottomLineNetIncome": 1005000000,
    "eps": 0.38,
    "epsDiluted": 0.37,
    "weightedAverageShsOut": 2680000000,
    "weightedAverageShsOutDil": 2716216216
  },
  {
    "date": "1998-03-29",
    "symbol": "JNJ",
    "reportedCurrency": "USD",
    "cik": "0000200406",
    "filingDate": "1998-05-11",
    "acceptedDate": "1998-05-11 00:00:00",
    "fiscalYear": "1998",
    "period": "Q1",
    "revenue": 5783000000,
    "costOfRevenue": 1483000000,
    "grossProfit": 4300000000,
    "researchAndDevelopmentExpenses": 494000000,
    "generalAndAdministrativeExpenses": 0,
    "sellingAndMarketingExpenses": 0,
    "sellingGeneralAndAdministrativeExpenses": 2100000000,
    "otherExpenses": 294000000,
    "operatingExpenses": 2888000000,
    "costAndExpenses": 4371000000,
    "netInterestIncome": 0,
    "interestIncome": 0,
    "interestExpense": 0,
    "depreciationAndAmortization": 294000000,
    "ebitda": 1706000000,
    "ebit": 1412000000,
    "nonOperatingIncomeExcludingInterest": 0,
    "operatingIncome": 1412000000,
    "totalOtherIncomeExpensesNet": 22000000,
    "incomeBeforeTax": 1434000000,
    "incomeTaxExpense": 424000000,
    "netIncomeFromContinuingOperations": 1010000000,
    "netIncomeFromDiscontinuedOperations": 0,
    "otherAdjustmentsToNetIncome": 0,
    "netIncome": 1010000000,
    "netIncomeDeductions": 0,
    "bottomLineNetIncome": 1010000000,
    "eps": 0.38,
    "epsDiluted": 0.37,
    "weightedAverageShsOut": 2679487855,
    "weightedAverageShsOutDil": 2748939254
  },
  {
    "date": "1997-12-31",
    "symbol": "JNJ",
    "reportedCurrency": "USD",
    "cik": "0000200406",
    "filingDate": "1998-03-27",
    "acceptedDate": "1998-03-27 00:00:00",
    "fiscalYear": "1997",
    "period": "Q4",
    "revenue": 5630000000,
    "costOfRevenue": 1682000000,
    "grossProfit": 3948000000,
    "researchAndDevelopmentExpenses": 626000000,
    "generalAndAdministrativeExpenses": 0,
    "sellingAndMarketingExpenses": 0,
    "sellingGeneralAndAdministrativeExpenses": 2286000000,
    "otherExpenses": 199000000,
    "operatingExpenses": 3111000000,
    "costAndExpenses": 4793000000,
    "netInterestIncome": 0,
    "interestIncome": 0,
    "interestExpense": 0,
    "depreciationAndAmortization": 199000000,
    "ebitda": 1036000000,
    "ebit": 837000000,
    "nonOperatingIncomeExcludingInterest": 0,
    "operatingIncome": 837000000,
    "totalOtherIncomeExpensesNet": -54000000,
    "incomeBeforeTax": 783000000,
    "incomeTaxExpense": 153000000,
    "netIncomeFromContinuingOperations": 630000000,
    "netIncomeFromDiscontinuedOperations": 0,
    "otherAdjustmentsToNetIncome": 0,
    "netIncome": 630000000,
    "netIncomeDeductions": 0,
    "bottomLineNetIncome": 630000000,
    "eps": 0.24,
    "epsDiluted": 0.23,
    "weightedAverageShsOut": 2678975709,
    "weightedAverageShsOutDil": 2781662291
  },
  {
    "date": "1997-09-28",
    "symbol": "JNJ",
    "reportedCurrency": "USD",
    "cik": "0000200406",
    "filingDate": "1997-11-07",
    "acceptedDate": "1997-11-07 00:00:00",
    "fiscalYear": "1997",
    "period": "Q3",
    "revenue": 5586000000,
    "costOfRevenue": 1430000000,
    "grossProfit": 4156000000,
    "researchAndDevelopmentExpenses": 516000000,
    "generalAndAdministrativeExpenses": 0,
    "sellingAndMarketingExpenses": 0,
    "sellingGeneralAndAdministrativeExpenses": 2149000000,
    "otherExpenses": 320000000,
    "operatingExpenses": 2985000000,
    "costAndExpenses": 4415000000,
    "netInterestIncome": 0,
    "interestIncome": 0,
    "interestExpense": 0,
    "depreciationAndAmortization": 320000000,
    "ebitda": 1491000000,
    "ebit": 1171000000,
    "nonOperatingIncomeExcludingInterest": 0,
    "operatingIncome": 1171000000,
    "totalOtherIncomeExpensesNet": 26000000,
    "incomeBeforeTax": 1197000000,
    "incomeTaxExpense": 342000000,
    "netIncomeFromContinuingOperations": 855000000,
    "netIncomeFromDiscontinuedOperations": 0,
    "otherAdjustmentsToNetIncome": 0,
    "netIncome": 855000000,
    "netIncomeDeductions": 0,
    "bottomLineNetIncome": 855000000,
    "eps": 0.32,
    "epsDiluted": 0.32,
    "weightedAverageShsOut": 2671875000,
    "weightedAverageShsOutDil": 2714285714
  },
  {
    "date": "1997-06-29",
    "symbol": "JNJ",
    "reportedCurrency": "USD",
    "cik": "0000200406",
    "filingDate": "1997-08-08",
    "acceptedDate": "1997-08-08 00:00:00",
    "fiscalYear": "1997",
    "period": "Q2",
    "revenue": 5698000000,
    "costOfRevenue": 1481000000,
    "grossProfit": 4217000000,
    "researchAndDevelopmentExpenses": 520000000,
    "generalAndAdministrativeExpenses": 0,
    "sellingAndMarketingExpenses": 0,
    "sellingGeneralAndAdministrativeExpenses": 2142000000,
    "otherExpenses": 268000000,
    "operatingExpenses": 2930000000,
    "costAndExpenses": 4411000000,
    "netInterestIncome": 0,
    "interestIncome": 0,
    "interestExpense": 0,
    "depreciationAndAmortization": 268000000,
    "ebitda": 1555000000,
    "ebit": 1287000000,
    "nonOperatingIncomeExcludingInterest": 0,
    "operatingIncome": 1287000000,
    "totalOtherIncomeExpensesNet": 7000000,
    "incomeBeforeTax": 1294000000,
    "incomeTaxExpense": 385000000,
    "netIncomeFromContinuingOperations": 909000000,
    "netIncomeFromDiscontinuedOperations": 0,
    "otherAdjustmentsToNetIncome": 0,
    "netIncome": 909000000,
    "netIncomeDeductions": 0,
    "bottomLineNetIncome": 909000000,
    "eps": 0.34,
    "epsDiluted": 0.34,
    "weightedAverageShsOut": 2673529412,
    "weightedAverageShsOutDil": 2713432836
  },
  {
    "date": "1997-03-30",
    "symbol": "JNJ",
    "reportedCurrency": "USD",
    "cik": "0000200406",
    "filingDate": "1997-05-09",
    "acceptedDate": "1997-05-09 00:00:00",
    "fiscalYear": "1997",
    "period": "Q1",
    "revenue": 5715000000,
    "costOfRevenue": 1492000000,
    "grossProfit": 4223000000,
    "researchAndDevelopmentExpenses": 478000000,
    "generalAndAdministrativeExpenses": 0,
    "sellingAndMarketingExpenses": 0,
    "sellingGeneralAndAdministrativeExpenses": 2138000000,
    "otherExpenses": 280000000,
    "operatingExpenses": 2896000000,
    "costAndExpenses": 4388000000,
    "netInterestIncome": 0,
    "interestIncome": 0,
    "interestExpense": 0,
    "depreciationAndAmortization": 280000000,
    "ebitda": 1607000000,
    "ebit": 1327000000,
    "nonOperatingIncomeExcludingInterest": 0,
    "operatingIncome": 1327000000,
    "totalOtherIncomeExpensesNet": -25000000,
    "incomeBeforeTax": 1302000000,
    "incomeTaxExpense": 393000000,
    "netIncomeFromContinuingOperations": 909000000,
    "netIncomeFromDiscontinuedOperations": 0,
    "otherAdjustmentsToNetIncome": 0,
    "netIncome": 909000000,
    "netIncomeDeductions": 0,
    "bottomLineNetIncome": 909000000,
    "eps": 0.34,
    "epsDiluted": 0.33,
    "weightedAverageShsOut": 2673529412,
    "weightedAverageShsOutDil": 2754545455
  },
  {
    "date": "1996-12-31",
    "symbol": "JNJ",
    "reportedCurrency": "USD",
    "cik": "0000200406",
    "filingDate": "1997-03-31",
    "acceptedDate": "1997-03-31 00:00:00",
    "fiscalYear": "1996",
    "period": "Q4",
    "revenue": 5502000000,
    "costOfRevenue": 1601000000,
    "grossProfit": 3901000000,
    "researchAndDevelopmentExpenses": 0,
    "generalAndAdministrativeExpenses": 0,
    "sellingAndMarketingExpenses": 0,
    "sellingGeneralAndAdministrativeExpenses": 2867000000,
    "otherExpenses": 251000000,
    "operatingExpenses": 3118000000,
    "costAndExpenses": 4719000000,
    "netInterestIncome": 0,
    "interestIncome": 0,
    "interestExpense": 0,
    "depreciationAndAmortization": 251000000,
    "ebitda": 1034000000,
    "ebit": 783000000,
    "nonOperatingIncomeExcludingInterest": 0,
    "operatingIncome": 783000000,
    "totalOtherIncomeExpensesNet": -52000000,
    "incomeBeforeTax": 731000000,
    "incomeTaxExpense": 175000000,
    "netIncomeFromContinuingOperations": 556000000,
    "netIncomeFromDiscontinuedOperations": 0,
    "otherAdjustmentsToNetIncome": 0,
    "netIncome": 556000000,
    "netIncomeDeductions": 0,
    "bottomLineNetIncome": 556000000,
    "eps": 0.21,
    "epsDiluted": 0.21,
    "weightedAverageShsOut": 2651317972,
    "weightedAverageShsOutDil": 2726315789
  },
  {
    "date": "1996-09-29",
    "symbol": "JNJ",
    "reportedCurrency": "USD",
    "cik": "0000200406",
    "filingDate": "1996-11-12",
    "acceptedDate": "1996-11-12 00:00:00",
    "fiscalYear": "1996",
    "period": "Q3",
    "revenue": 5402000000,
    "costOfRevenue": 1449000000,
    "grossProfit": 3953000000,
    "researchAndDevelopmentExpenses": 0,
    "generalAndAdministrativeExpenses": 0,
    "sellingAndMarketingExpenses": 0,
    "sellingGeneralAndAdministrativeExpenses": 2533000000,
    "otherExpenses": 266000000,
    "operatingExpenses": 2799000000,
    "costAndExpenses": 4248000000,
    "netInterestIncome": 0,
    "interestIncome": 0,
    "interestExpense": 0,
    "depreciationAndAmortization": 266000000,
    "ebitda": 1420000000,
    "ebit": 1154000000,
    "nonOperatingIncomeExcludingInterest": 0,
    "operatingIncome": 1154000000,
    "totalOtherIncomeExpensesNet": -95000000,
    "incomeBeforeTax": 1059000000,
    "incomeTaxExpense": 309000000,
    "netIncomeFromContinuingOperations": 750000000,
    "netIncomeFromDiscontinuedOperations": 0,
    "otherAdjustmentsToNetIncome": 0,
    "netIncome": 750000000,
    "netIncomeDeductions": 0,
    "bottomLineNetIncome": 750000000,
    "eps": 0.28,
    "epsDiluted": 0.28,
    "weightedAverageShsOut": 2678571429,
    "weightedAverageShsOutDil": 2727272727
  },
  {
    "date": "1996-06-30",
    "symbol": "JNJ",
    "reportedCurrency": "USD",
    "cik": "0000200406",
    "filingDate": "1996-08-09",
    "acceptedDate": "1996-08-09 00:00:00",
    "fiscalYear": "1996",
    "period": "Q2",
    "revenue": 5382000000,
    "costOfRevenue": 1484000000,
    "grossProfit": 3898000000,
    "researchAndDevelopmentExpenses": 0,
    "generalAndAdministrativeExpenses": 0,
    "sellingAndMarketingExpenses": 0,
    "sellingGeneralAndAdministrativeExpenses": 2475000000,
    "otherExpenses": 248000000,
    "operatingExpenses": 2723000000,
    "costAndExpenses": 4207000000,
    "netInterestIncome": 0,
    "interestIncome": 0,
    "interestExpense": 0,
    "depreciationAndAmortization": 248000000,
    "ebitda": 1423000000,
    "ebit": 1175000000,
    "nonOperatingIncomeExcludingInterest": 0,
    "operatingIncome": 1175000000,
    "totalOtherIncomeExpensesNet": -56000000,
    "incomeBeforeTax": 1119000000,
    "incomeTaxExpense": 328000000,
    "netIncomeFromContinuingOperations": 791000000,
    "netIncomeFromDiscontinuedOperations": 0,
    "otherAdjustmentsToNetIncome": 0,
    "netIncome": 791000000,
    "netIncomeDeductions": 0,
    "bottomLineNetIncome": 791000000,
    "eps": 0.3,
    "epsDiluted": 0.29,
    "weightedAverageShsOut": 2636666667,
    "weightedAverageShsOutDil": 2727586207
  },
  {
    "date": "1996-03-31",
    "symbol": "JNJ",
    "reportedCurrency": "USD",
    "cik": "0000200406",
    "filingDate": "1996-05-10",
    "acceptedDate": "1996-05-10 00:00:00",
    "fiscalYear": "1996",
    "period": "Q1",
    "revenue": 5334000000,
    "costOfRevenue": 1475000000,
    "grossProfit": 3859000000,
    "researchAndDevelopmentExpenses": 0,
    "generalAndAdministrativeExpenses": 0,
    "sellingAndMarketingExpenses": 0,
    "sellingGeneralAndAdministrativeExpenses": 2424000000,
    "otherExpenses": 244000000,
    "operatingExpenses": 2668000000,
    "costAndExpenses": 4143000000,
    "netInterestIncome": 0,
    "interestIncome": 0,
    "interestExpense": 0,
    "depreciationAndAmortization": 244000000,
    "ebitda": 1435000000,
    "ebit": 1191000000,
    "nonOperatingIncomeExcludingInterest": 0,
    "operatingIncome": 1191000000,
    "totalOtherIncomeExpensesNet": -67000000,
    "incomeBeforeTax": 1124000000,
    "incomeTaxExpense": 334000000,
    "netIncomeFromContinuingOperations": 790000000,
    "netIncomeFromDiscontinuedOperations": 0,
    "otherAdjustmentsToNetIncome": 0,
    "netIncome": 790000000,
    "netIncomeDeductions": 0,
    "bottomLineNetIncome": 790000000,
    "eps": 0.3,
    "epsDiluted": 0.29,
    "weightedAverageShsOut": 2677966102,
    "weightedAverageShsOutDil": 2724137931
  },
  {
    "date": "1995-12-31",
    "symbol": "JNJ",
    "reportedCurrency": "USD",
    "cik": "0000200406",
    "filingDate": "1996-04-01",
    "acceptedDate": "1996-04-01 00:00:00",
    "fiscalYear": "1995",
    "period": "Q4",
    "revenue": 4846000000,
    "costOfRevenue": 1430000000,
    "grossProfit": 3416000000,
    "researchAndDevelopmentExpenses": 0,
    "generalAndAdministrativeExpenses": 0,
    "sellingAndMarketingExpenses": 0,
    "sellingGeneralAndAdministrativeExpenses": 2417000000,
    "otherExpenses": 253000000,
    "operatingExpenses": 2670000000,
    "costAndExpenses": 4100000000,
    "netInterestIncome": 0,
    "interestIncome": 0,
    "interestExpense": 0,
    "depreciationAndAmortization": 253000000,
    "ebitda": 999000000,
    "ebit": 746000000,
    "nonOperatingIncomeExcludingInterest": 0,
    "operatingIncome": 746000000,
    "totalOtherIncomeExpensesNet": -153000000,
    "incomeBeforeTax": 593000000,
    "incomeTaxExpense": 128000000,
    "netIncomeFromContinuingOperations": 465000000,
    "netIncomeFromDiscontinuedOperations": 0,
    "otherAdjustmentsToNetIncome": 0,
    "netIncome": 465000000,
    "netIncomeDeductions": 0,
    "bottomLineNetIncome": 465000000,
    "eps": 0.18,
    "epsDiluted": 0.18,
    "weightedAverageShsOut": 2583483871,
    "weightedAverageShsOutDil": 2584000000
  },
  {
    "date": "1995-10-01",
    "symbol": "JNJ",
    "reportedCurrency": "USD",
    "cik": "0000200406",
    "filingDate": "1995-11-13",
    "acceptedDate": "1995-11-13 00:00:00",
    "fiscalYear": "1995",
    "period": "Q3",
    "revenue": 4738000000,
    "costOfRevenue": 1343000000,
    "grossProfit": 3395000000,
    "researchAndDevelopmentExpenses": 0,
    "generalAndAdministrativeExpenses": 0,
    "sellingAndMarketingExpenses": 0,
    "sellingGeneralAndAdministrativeExpenses": 2314000000,
    "otherExpenses": 200000000,
    "operatingExpenses": 2514000000,
    "costAndExpenses": 3857000000,
    "netInterestIncome": 0,
    "interestIncome": 0,
    "interestExpense": 0,
    "depreciationAndAmortization": 200000000,
    "ebitda": 1081000000,
    "ebit": 881000000,
    "nonOperatingIncomeExcludingInterest": 0,
    "operatingIncome": 881000000,
    "totalOtherIncomeExpensesNet": -9000000,
    "incomeBeforeTax": 872000000,
    "incomeTaxExpense": 249000000,
    "netIncomeFromContinuingOperations": 623000000,
    "netIncomeFromDiscontinuedOperations": 0,
    "otherAdjustmentsToNetIncome": 0,
    "netIncome": 623000000,
    "netIncomeDeductions": 0,
    "bottomLineNetIncome": 623000000,
    "eps": 0.24,
    "epsDiluted": 0.24,
    "weightedAverageShsOut": 2595833333,
    "weightedAverageShsOutDil": 2595833333
  },
  {
    "date": "1995-07-02",
    "symbol": "JNJ",
    "reportedCurrency": "USD",
    "cik": "0000200406",
    "filingDate": "1995-08-11",
    "acceptedDate": "1995-08-11 00:00:00",
    "fiscalYear": "1995",
    "period": "Q2",
    "revenue": 4762000000,
    "costOfRevenue": 1362000000,
    "grossProfit": 3400000000,
    "researchAndDevelopmentExpenses": 0,
    "generalAndAdministrativeExpenses": 0,
    "sellingAndMarketingExpenses": 0,
    "sellingGeneralAndAdministrativeExpenses": 2237000000,
    "otherExpenses": 200000000,
    "operatingExpenses": 2437000000,
    "costAndExpenses": 3799000000,
    "netInterestIncome": 0,
    "interestIncome": 0,
    "interestExpense": 0,
    "depreciationAndAmortization": 200000000,
    "ebitda": 1163000000,
    "ebit": 963000000,
    "nonOperatingIncomeExcludingInterest": 0,
    "operatingIncome": 963000000,
    "totalOtherIncomeExpensesNet": -32000000,
    "incomeBeforeTax": 931000000,
    "incomeTaxExpense": 270000000,
    "netIncomeFromContinuingOperations": 661000000,
    "netIncomeFromDiscontinuedOperations": 0,
    "otherAdjustmentsToNetIncome": 0,
    "netIncome": 661000000,
    "netIncomeDeductions": 0,
    "bottomLineNetIncome": 661000000,
    "eps": 0.26,
    "epsDiluted": 0.26,
    "weightedAverageShsOut": 2592156863,
    "weightedAverageShsOutDil": 2592156863
  },
  {
    "date": "1995-04-02",
    "symbol": "JNJ",
    "reportedCurrency": "USD",
    "cik": "0000200406",
    "filingDate": "1995-05-12",
    "acceptedDate": "1995-05-12 00:00:00",
    "fiscalYear": "1995",
    "period": "Q1",
    "revenue": 4496000000,
    "costOfRevenue": 1243000000,
    "grossProfit": 3253000000,
    "researchAndDevelopmentExpenses": 353000000,
    "generalAndAdministrativeExpenses": 0,
    "sellingAndMarketingExpenses": 0,
    "sellingGeneralAndAdministrativeExpenses": 1720000000,
    "otherExpenses": 204000000,
    "operatingExpenses": 2277000000,
    "costAndExpenses": 3520000000,
    "netInterestIncome": 0,
    "interestIncome": 0,
    "interestExpense": 0,
    "depreciationAndAmortization": 204000000,
    "ebitda": 1180000000,
    "ebit": 976000000,
    "nonOperatingIncomeExcludingInterest": 0,
    "operatingIncome": 976000000,
    "totalOtherIncomeExpensesNet": -55000000,
    "incomeBeforeTax": 921000000,
    "incomeTaxExpense": 267000000,
    "netIncomeFromContinuingOperations": 654000000,
    "netIncomeFromDiscontinuedOperations": 0,
    "otherAdjustmentsToNetIncome": 0,
    "netIncome": 654000000,
    "netIncomeDeductions": 0,
    "bottomLineNetIncome": 654000000,
    "eps": 0.26,
    "epsDiluted": 0.25,
    "weightedAverageShsOut": 2572400000,
    "weightedAverageShsOutDil": 2610000000
  },
  {
    "date": "1994-12-31",
    "symbol": "JNJ",
    "reportedCurrency": "USD",
    "cik": "0000200406",
    "filingDate": "1995-04-03",
    "acceptedDate": "1995-04-03 00:00:00",
    "fiscalYear": "1994",
    "period": "Q4",
    "revenue": 4090000000,
    "costOfRevenue": 1275000000,
    "grossProfit": 2815000000,
    "researchAndDevelopmentExpenses": 360000000,
    "generalAndAdministrativeExpenses": 0,
    "sellingAndMarketingExpenses": 0,
    "sellingGeneralAndAdministrativeExpenses": 1711000000,
    "otherExpenses": 192000000,
    "operatingExpenses": 2263000000,
    "costAndExpenses": 3538000000,
    "netInterestIncome": 0,
    "interestIncome": 0,
    "interestExpense": 0,
    "depreciationAndAmortization": 192000000,
    "ebitda": 744000000,
    "ebit": 552000000,
    "nonOperatingIncomeExcludingInterest": 0,
    "operatingIncome": 552000000,
    "totalOtherIncomeExpensesNet": -82000000,
    "incomeBeforeTax": 470000000,
    "incomeTaxExpense": 92000000,
    "netIncomeFromContinuingOperations": 378000000,
    "netIncomeFromDiscontinuedOperations": 0,
    "otherAdjustmentsToNetIncome": 0,
    "netIncome": 378000000,
    "netIncomeDeductions": 0,
    "bottomLineNetIncome": 378000000,
    "eps": 0.14,
    "epsDiluted": 0.14,
    "weightedAverageShsOut": 2568779487,
    "weightedAverageShsOutDil": 2606000000
  },
  {
    "date": "1994-10-02",
    "symbol": "JNJ",
    "reportedCurrency": "USD",
    "cik": "0000200406",
    "filingDate": "1994-11-14",
    "acceptedDate": "1994-11-14 00:00:00",
    "fiscalYear": "1994",
    "period": "Q3",
    "revenue": 4038000000,
    "costOfRevenue": 1184000000,
    "grossProfit": 2854000000,
    "researchAndDevelopmentExpenses": 316000000,
    "generalAndAdministrativeExpenses": 0,
    "sellingAndMarketingExpenses": 0,
    "sellingGeneralAndAdministrativeExpenses": 1601000000,
    "otherExpenses": 180000000,
    "operatingExpenses": 2097000000,
    "costAndExpenses": 3281000000,
    "netInterestIncome": 0,
    "interestIncome": 0,
    "interestExpense": 0,
    "depreciationAndAmortization": 178000000,
    "ebitda": 937000000,
    "ebit": 757000000,
    "nonOperatingIncomeExcludingInterest": 0,
    "operatingIncome": 757000000,
    "totalOtherIncomeExpensesNet": -44000000,
    "incomeBeforeTax": 713000000,
    "incomeTaxExpense": 188000000,
    "netIncomeFromContinuingOperations": 525000000,
    "netIncomeFromDiscontinuedOperations": 0,
    "otherAdjustmentsToNetIncome": 0,
    "netIncome": 525000000,
    "netIncomeDeductions": 0,
    "bottomLineNetIncome": 525000000,
    "eps": 0.21,
    "epsDiluted": 0.21,
    "weightedAverageShsOut": 2573200000,
    "weightedAverageShsOutDil": 2606400000
  },
  {
    "date": "1994-07-03",
    "symbol": "JNJ",
    "reportedCurrency": "USD",
    "cik": "0000200406",
    "filingDate": "1994-08-12",
    "acceptedDate": "1994-08-12 00:00:00",
    "fiscalYear": "1994",
    "period": "Q2",
    "revenue": 3916000000,
    "costOfRevenue": 1110000000,
    "grossProfit": 2806000000,
    "researchAndDevelopmentExpenses": 313000000,
    "generalAndAdministrativeExpenses": 0,
    "sellingAndMarketingExpenses": 0,
    "sellingGeneralAndAdministrativeExpenses": 1558000000,
    "otherExpenses": 177000000,
    "operatingExpenses": 2048000000,
    "costAndExpenses": 3158000000,
    "netInterestIncome": 0,
    "interestIncome": 0,
    "interestExpense": 0,
    "depreciationAndAmortization": 179000000,
    "ebitda": 937000000,
    "ebit": 758000000,
    "nonOperatingIncomeExcludingInterest": 0,
    "operatingIncome": 758000000,
    "totalOtherIncomeExpensesNet": 4000000,
    "incomeBeforeTax": 762000000,
    "incomeTaxExpense": 203000000,
    "netIncomeFromContinuingOperations": 559000000,
    "netIncomeFromDiscontinuedOperations": 0,
    "otherAdjustmentsToNetIncome": 0,
    "netIncome": 559000000,
    "netIncomeDeductions": 0,
    "bottomLineNetIncome": 559000000,
    "eps": 0.22,
    "epsDiluted": 0.22,
    "weightedAverageShsOut": 2573200000,
    "weightedAverageShsOutDil": 2600000000
  },
  {
    "date": "1994-03-30",
    "symbol": "JNJ",
    "reportedCurrency": "USD",
    "cik": "0000200406",
    "filingDate": "1994-05-13",
    "acceptedDate": "1994-05-13 00:00:00",
    "fiscalYear": "1994",
    "period": "Q1",
    "revenue": 3690000000,
    "costOfRevenue": 1006000000,
    "grossProfit": 2684000000,
    "researchAndDevelopmentExpenses": 289000000,
    "generalAndAdministrativeExpenses": 0,
    "sellingAndMarketingExpenses": 0,
    "sellingGeneralAndAdministrativeExpenses": 1480000000,
    "otherExpenses": 175000000,
    "operatingExpenses": 1944000000,
    "costAndExpenses": 2950000000,
    "netInterestIncome": 0,
    "interestIncome": 0,
    "interestExpense": 0,
    "depreciationAndAmortization": 175000000,
    "ebitda": 915000000,
    "ebit": 740000000,
    "nonOperatingIncomeExcludingInterest": 0,
    "operatingIncome": 740000000,
    "totalOtherIncomeExpensesNet": -4000000,
    "incomeBeforeTax": 736000000,
    "incomeTaxExpense": 192000000,
    "netIncomeFromContinuingOperations": 544000000,
    "netIncomeFromDiscontinuedOperations": 0,
    "otherAdjustmentsToNetIncome": 0,
    "netIncome": 544000000,
    "netIncomeDeductions": 0,
    "bottomLineNetIncome": 544000000,
    "eps": 0.22,
    "epsDiluted": 0.21,
    "weightedAverageShsOut": 2572400000,
    "weightedAverageShsOutDil": 2596800000
  },
  {
    "date": "1993-12-31",
    "symbol": "JNJ",
    "reportedCurrency": "USD",
    "cik": "0000200406",
    "filingDate": "1994-04-01",
    "acceptedDate": "1994-04-01 00:00:00",
    "fiscalYear": "1993",
    "period": "Q4",
    "revenue": 3531000000,
    "costOfRevenue": 1143000000,
    "grossProfit": 2388000000,
    "researchAndDevelopmentExpenses": 0,
    "generalAndAdministrativeExpenses": 0,
    "sellingAndMarketingExpenses": 0,
    "sellingGeneralAndAdministrativeExpenses": 1796000000,
    "otherExpenses": 149000000,
    "operatingExpenses": 1945000000,
    "costAndExpenses": 3088000000,
    "netInterestIncome": 0,
    "interestIncome": 0,
    "interestExpense": 0,
    "depreciationAndAmortization": 149000000,
    "ebitda": 592000000,
    "ebit": 443000000,
    "nonOperatingIncomeExcludingInterest": 0,
    "operatingIncome": 443000000,
    "totalOtherIncomeExpensesNet": -63000000,
    "incomeBeforeTax": 380000000,
    "incomeTaxExpense": 45000000,
    "netIncomeFromContinuingOperations": 335000000,
    "netIncomeFromDiscontinuedOperations": 0,
    "otherAdjustmentsToNetIncome": 0,
    "netIncome": 335000000,
    "netIncomeDeductions": 0,
    "bottomLineNetIncome": 335000000,
    "eps": 0.13,
    "epsDiluted": 0.13,
    "weightedAverageShsOut": 2586387848,
    "weightedAverageShsOutDil": 2663116057
  },
  {
    "date": "1993-09-30",
    "symbol": "JNJ",
    "reportedCurrency": "USD",
    "cik": "0000200406",
    "filingDate": "1994-07-08",
    "acceptedDate": "1994-07-08 00:00:00",
    "fiscalYear": "1993",
    "period": "Q3",
    "revenue": 3506000000,
    "costOfRevenue": 1032000000,
    "grossProfit": 2474000000,
    "researchAndDevelopmentExpenses": 0,
    "generalAndAdministrativeExpenses": 0,
    "sellingAndMarketingExpenses": 0,
    "sellingGeneralAndAdministrativeExpenses": 1725000000,
    "otherExpenses": 156000000,
    "operatingExpenses": 1881000000,
    "costAndExpenses": 2913000000,
    "netInterestIncome": 0,
    "interestIncome": 0,
    "interestExpense": 0,
    "depreciationAndAmortization": 152000000,
    "ebitda": 749000000,
    "ebit": 593000000,
    "nonOperatingIncomeExcludingInterest": 0,
    "operatingIncome": 593000000,
    "totalOtherIncomeExpensesNet": -11000000,
    "incomeBeforeTax": 582000000,
    "incomeTaxExpense": 128000000,
    "netIncomeFromContinuingOperations": 454000000,
    "netIncomeFromDiscontinuedOperations": 0,
    "otherAdjustmentsToNetIncome": 0,
    "netIncome": 454000000,
    "netIncomeDeductions": 0,
    "bottomLineNetIncome": 454000000,
    "eps": 0.18,
    "epsDiluted": 0.18,
    "weightedAverageShsOut": 2594285714,
    "weightedAverageShsOutDil": 2594285714
  },
  {
    "date": "1993-06-30",
    "symbol": "JNJ",
    "reportedCurrency": "USD",
    "cik": "0000200406",
    "filingDate": "1994-07-08",
    "acceptedDate": "1994-07-08 00:00:00",
    "fiscalYear": "1993",
    "period": "Q2",
    "revenue": 3541000000,
    "costOfRevenue": 990000000,
    "grossProfit": 2551000000,
    "researchAndDevelopmentExpenses": 0,
    "generalAndAdministrativeExpenses": 0,
    "sellingAndMarketingExpenses": 0,
    "sellingGeneralAndAdministrativeExpenses": 1718000000,
    "otherExpenses": 158000000,
    "operatingExpenses": 1876000000,
    "costAndExpenses": 2866000000,
    "netInterestIncome": 0,
    "interestIncome": 0,
    "interestExpense": 0,
    "depreciationAndAmortization": 158000000,
    "ebitda": 833000000,
    "ebit": 675000000,
    "nonOperatingIncomeExcludingInterest": 0,
    "operatingIncome": 675000000,
    "totalOtherIncomeExpensesNet": -5000000,
    "incomeBeforeTax": 670000000,
    "incomeTaxExpense": 175000000,
    "netIncomeFromContinuingOperations": 495000000,
    "netIncomeFromDiscontinuedOperations": 0,
    "otherAdjustmentsToNetIncome": 0,
    "netIncome": 495000000,
    "netIncomeDeductions": 0,
    "bottomLineNetIncome": 495000000,
    "eps": 0.19,
    "epsDiluted": 0.19,
    "weightedAverageShsOut": 2605263158,
    "weightedAverageShsOutDil": 2605263158
  },
  {
    "date": "1993-03-31",
    "symbol": "JNJ",
    "reportedCurrency": "USD",
    "cik": "0000200406",
    "filingDate": "1993-03-31",
    "acceptedDate": "1993-03-31 00:00:00",
    "fiscalYear": "1993",
    "period": "Q1",
    "revenue": 3560000000,
    "costOfRevenue": 1005000000,
    "grossProfit": 2555000000,
    "researchAndDevelopmentExpenses": 0,
    "generalAndAdministrativeExpenses": 0,
    "sellingAndMarketingExpenses": 0,
    "sellingGeneralAndAdministrativeExpenses": 1717000000,
    "otherExpenses": 158000000,
    "operatingExpenses": 1875000000,
    "costAndExpenses": 2880000000,
    "netInterestIncome": 0,
    "interestIncome": 0,
    "interestExpense": 0,
    "depreciationAndAmortization": 158000000,
    "ebitda": 838000000,
    "ebit": 680000000,
    "nonOperatingIncomeExcludingInterest": 0,
    "operatingIncome": 680000000,
    "totalOtherIncomeExpensesNet": 20000000,
    "incomeBeforeTax": 700000000,
    "incomeTaxExpense": 197000000,
    "netIncomeFromContinuingOperations": 503000000,
    "netIncomeFromDiscontinuedOperations": 0,
    "otherAdjustmentsToNetIncome": 0,
    "netIncome": 503000000,
    "netIncomeDeductions": 0,
    "bottomLineNetIncome": 503000000,
    "eps": 0.2,
    "epsDiluted": 0.2,
    "weightedAverageShsOut": 2579487179,
    "weightedAverageShsOutDil": 2579487179
  },
  {
    "date": "1992-12-31",
    "symbol": "JNJ",
    "reportedCurrency": "USD",
    "cik": "0000200406",
    "filingDate": "1992-12-31",
    "acceptedDate": "1992-12-31 00:00:00",
    "fiscalYear": "1992",
    "period": "Q4",
    "revenue": 3503000000,
    "costOfRevenue": 1133000000,
    "grossProfit": 2370000000,
    "researchAndDevelopmentExpenses": 0,
    "generalAndAdministrativeExpenses": 0,
    "sellingAndMarketingExpenses": 0,
    "sellingGeneralAndAdministrativeExpenses": 1841000000,
    "otherExpenses": 133000000,
    "operatingExpenses": 1974000000,
    "costAndExpenses": 3107000000,
    "netInterestIncome": 0,
    "interestIncome": 0,
    "interestExpense": 0,
    "depreciationAndAmortization": 133000000,
    "ebitda": 529000000,
    "ebit": 396000000,
    "nonOperatingIncomeExcludingInterest": 0,
    "operatingIncome": 396000000,
    "totalOtherIncomeExpensesNet": -94000000,
    "incomeBeforeTax": 302000000,
    "incomeTaxExpense": 30000000,
    "netIncomeFromContinuingOperations": 272000000,
    "netIncomeFromDiscontinuedOperations": 0,
    "otherAdjustmentsToNetIncome": -595000000,
    "netIncome": -323000000,
    "netIncomeDeductions": 0,
    "bottomLineNetIncome": -323000000,
    "eps": -0.35,
    "epsDiluted": -0.35,
    "weightedAverageShsOut": 2627184466,
    "weightedAverageShsOutDil": 2627184466
  },
  {
    "date": "1992-09-30",
    "symbol": "JNJ",
    "reportedCurrency": "USD",
    "cik": "0000200406",
    "filingDate": "1992-09-30",
    "acceptedDate": "1992-09-30 00:00:00",
    "fiscalYear": "1992",
    "period": "Q3",
    "revenue": 3480000000,
    "costOfRevenue": 1045700000,
    "grossProfit": 2434300000,
    "researchAndDevelopmentExpenses": 0,
    "generalAndAdministrativeExpenses": 0,
    "sellingAndMarketingExpenses": 0,
    "sellingGeneralAndAdministrativeExpenses": 1701000000,
    "otherExpenses": 142300000,
    "operatingExpenses": 1843300000,
    "costAndExpenses": 2889000000,
    "netInterestIncome": 0,
    "interestIncome": 0,
    "interestExpense": 0,
    "depreciationAndAmortization": 147000000,
    "ebitda": 738000000,
    "ebit": 591000000,
    "nonOperatingIncomeExcludingInterest": 0,
    "operatingIncome": 591000000,
    "totalOtherIncomeExpensesNet": -6000000,
    "incomeBeforeTax": 585000000,
    "incomeTaxExpense": 160000000,
    "netIncomeFromContinuingOperations": 425000000,
    "netIncomeFromDiscontinuedOperations": 0,
    "otherAdjustmentsToNetIncome": 0,
    "netIncome": 425000000,
    "netIncomeDeductions": 0,
    "bottomLineNetIncome": 425000000,
    "eps": 0.16,
    "epsDiluted": 0.17,
    "weightedAverageShsOut": 2575757576,
    "weightedAverageShsOutDil": 2575757576
  },
  {
    "date": "1992-06-30",
    "symbol": "JNJ",
    "reportedCurrency": "USD",
    "cik": "0000200406",
    "filingDate": "1992-06-30",
    "acceptedDate": "1992-06-30 00:00:00",
    "fiscalYear": "1992",
    "period": "Q2",
    "revenue": 3413000000,
    "costOfRevenue": 972000000,
    "grossProfit": 2441000000,
    "researchAndDevelopmentExpenses": 0,
    "generalAndAdministrativeExpenses": 0,
    "sellingAndMarketingExpenses": 0,
    "sellingGeneralAndAdministrativeExpenses": 1648000000,
    "otherExpenses": 136000000,
    "operatingExpenses": 1784000000,
    "costAndExpenses": 2756000000,
    "netInterestIncome": 0,
    "interestIncome": 0,
    "interestExpense": 0,
    "depreciationAndAmortization": 136000000,
    "ebitda": 793000000,
    "ebit": 657000000,
    "nonOperatingIncomeExcludingInterest": 0,
    "operatingIncome": 657000000,
    "totalOtherIncomeExpensesNet": -1000000,
    "incomeBeforeTax": 656000000,
    "incomeTaxExpense": 192000000,
    "netIncomeFromContinuingOperations": 464000000,
    "netIncomeFromDiscontinuedOperations": 0,
    "otherAdjustmentsToNetIncome": 0,
    "netIncome": 464000000,
    "netIncomeDeductions": 0,
    "bottomLineNetIncome": 464000000,
    "eps": 0.18,
    "epsDiluted": 0.18,
    "weightedAverageShsOut": 2651428571,
    "weightedAverageShsOutDil": 2651428571
  },
  {
    "date": "1992-03-31",
    "symbol": "JNJ",
    "reportedCurrency": "USD",
    "cik": "0000200406",
    "filingDate": "1992-03-31",
    "acceptedDate": "1992-03-31 00:00:00",
    "fiscalYear": "1992",
    "period": "Q1",
    "revenue": 3357000000,
    "costOfRevenue": 972000000,
    "grossProfit": 2385000000,
    "researchAndDevelopmentExpenses": 0,
    "generalAndAdministrativeExpenses": 0,
    "sellingAndMarketingExpenses": 0,
    "sellingGeneralAndAdministrativeExpenses": 1608000000,
    "otherExpenses": 144000000,
    "operatingExpenses": 1752000000,
    "costAndExpenses": 2724000000,
    "netInterestIncome": 0,
    "interestIncome": 0,
    "interestExpense": 0,
    "depreciationAndAmortization": 144000000,
    "ebitda": 777000000,
    "ebit": 633000000,
    "nonOperatingIncomeExcludingInterest": 0,
    "operatingIncome": 633000000,
    "totalOtherIncomeExpensesNet": 31000000,
    "incomeBeforeTax": 664000000,
    "incomeTaxExpense": 200000000,
    "netIncomeFromContinuingOperations": 464000000,
    "netIncomeFromDiscontinuedOperations": 0,
    "otherAdjustmentsToNetIncome": 0,
    "netIncome": 464000000,
    "netIncomeDeductions": 0,
    "bottomLineNetIncome": 464000000,
    "eps": 0.18,
    "epsDiluted": 0.18,
    "weightedAverageShsOut": 2651428571,
    "weightedAverageShsOutDil": 2651428571
  },
  {
    "date": "1991-12-31",
    "symbol": "JNJ",
    "reportedCurrency": "USD",
    "cik": "0000200406",
    "filingDate": "1991-12-31",
    "acceptedDate": "1991-12-31 00:00:00",
    "fiscalYear": "1991",
    "period": "Q4",
    "revenue": 3148000000,
    "costOfRevenue": 987000000,
    "grossProfit": 2161000000,
    "researchAndDevelopmentExpenses": 0,
    "generalAndAdministrativeExpenses": 0,
    "sellingAndMarketingExpenses": 0,
    "sellingGeneralAndAdministrativeExpenses": 1636000000,
    "otherExpenses": 115000000,
    "operatingExpenses": 1751000000,
    "costAndExpenses": 2738000000,
    "netInterestIncome": 0,
    "interestIncome": 0,
    "interestExpense": 0,
    "depreciationAndAmortization": 115000000,
    "ebitda": 525000000,
    "ebit": 410000000,
    "nonOperatingIncomeExcludingInterest": 0,
    "operatingIncome": 410000000,
    "totalOtherIncomeExpensesNet": -81000000,
    "incomeBeforeTax": 329000000,
    "incomeTaxExpense": 55000000,
    "netIncomeFromContinuingOperations": 274000000,
    "netIncomeFromDiscontinuedOperations": 0,
    "otherAdjustmentsToNetIncome": 0,
    "netIncome": 274000000,
    "netIncomeDeductions": 0,
    "bottomLineNetIncome": 274000000,
    "eps": 0.11,
    "epsDiluted": 0.095,
    "weightedAverageShsOut": 2623207354,
    "weightedAverageShsOutDil": 2819975031
  },
  {
    "date": "1991-09-30",
    "symbol": "JNJ",
    "reportedCurrency": "USD",
    "cik": "0000200406",
    "filingDate": "1991-09-30",
    "acceptedDate": "1991-09-30 00:00:00",
    "fiscalYear": "1991",
    "period": "Q3",
    "revenue": 3119000000,
    "costOfRevenue": 958000000,
    "grossProfit": 2161000000,
    "researchAndDevelopmentExpenses": 0,
    "generalAndAdministrativeExpenses": 0,
    "sellingAndMarketingExpenses": 0,
    "sellingGeneralAndAdministrativeExpenses": 1514000000,
    "otherExpenses": 121000000,
    "operatingExpenses": 1635000000,
    "costAndExpenses": 2593000000,
    "netInterestIncome": 0,
    "interestIncome": 0,
    "interestExpense": 0,
    "depreciationAndAmortization": 121000000,
    "ebitda": 647000000,
    "ebit": 526000000,
    "nonOperatingIncomeExcludingInterest": 0,
    "operatingIncome": 526000000,
    "totalOtherIncomeExpensesNet": -5000000,
    "incomeBeforeTax": 521000000,
    "incomeTaxExpense": 158000000,
    "netIncomeFromContinuingOperations": 363000000,
    "netIncomeFromDiscontinuedOperations": 0,
    "otherAdjustmentsToNetIncome": 0,
    "netIncome": 363000000,
    "netIncomeDeductions": 0,
    "bottomLineNetIncome": 363000000,
    "eps": 0.14,
    "epsDiluted": 0.14,
    "weightedAverageShsOut": 2592857143,
    "weightedAverageShsOutDil": 2592857143
  },
  {
    "date": "1991-06-30",
    "symbol": "JNJ",
    "reportedCurrency": "USD",
    "cik": "0000200406",
    "filingDate": "1991-06-30",
    "acceptedDate": "1991-06-30 00:00:00",
    "fiscalYear": "1991",
    "period": "Q2",
    "revenue": 3031000000,
    "costOfRevenue": 855000000,
    "grossProfit": 2176000000,
    "researchAndDevelopmentExpenses": 0,
    "generalAndAdministrativeExpenses": 0,
    "sellingAndMarketingExpenses": 0,
    "sellingGeneralAndAdministrativeExpenses": 1441000000,
    "otherExpenses": 129000000,
    "operatingExpenses": 1570000000,
    "costAndExpenses": 2425000000,
    "netInterestIncome": 0,
    "interestIncome": 0,
    "interestExpense": 0,
    "depreciationAndAmortization": 129000000,
    "ebitda": 735000000,
    "ebit": 606000000,
    "nonOperatingIncomeExcludingInterest": 0,
    "operatingIncome": 606000000,
    "totalOtherIncomeExpensesNet": -27000000,
    "incomeBeforeTax": 579000000,
    "incomeTaxExpense": 173000000,
    "netIncomeFromContinuingOperations": 406000000,
    "netIncomeFromDiscontinuedOperations": 0,
    "otherAdjustmentsToNetIncome": 0,
    "netIncome": 406000000,
    "netIncomeDeductions": 0,
    "bottomLineNetIncome": 406000000,
    "eps": 0.16,
    "epsDiluted": 0.16,
    "weightedAverageShsOut": 2619354839,
    "weightedAverageShsOutDil": 2619354839
  },
  {
    "date": "1991-03-31",
    "symbol": "JNJ",
    "reportedCurrency": "USD",
    "cik": "0000200406",
    "filingDate": "1991-03-31",
    "acceptedDate": "1991-03-31 00:00:00",
    "fiscalYear": "1991",
    "period": "Q1",
    "revenue": 3149000000,
    "costOfRevenue": 911000000,
    "grossProfit": 2238000000,
    "researchAndDevelopmentExpenses": 0,
    "generalAndAdministrativeExpenses": 0,
    "sellingAndMarketingExpenses": 0,
    "sellingGeneralAndAdministrativeExpenses": 1488000000,
    "otherExpenses": 128000000,
    "operatingExpenses": 1616000000,
    "costAndExpenses": 2527000000,
    "netInterestIncome": 0,
    "interestIncome": 0,
    "interestExpense": 0,
    "depreciationAndAmortization": 128000000,
    "ebitda": 750000000,
    "ebit": 622000000,
    "nonOperatingIncomeExcludingInterest": 0,
    "operatingIncome": 622000000,
    "totalOtherIncomeExpensesNet": -13000000,
    "incomeBeforeTax": 609000000,
    "incomeTaxExpense": 191000000,
    "netIncomeFromContinuingOperations": 418000000,
    "netIncomeFromDiscontinuedOperations": 0,
    "otherAdjustmentsToNetIncome": 0,
    "netIncome": 418000000,
    "netIncomeDeductions": 0,
    "bottomLineNetIncome": 418000000,
    "eps": 0.16,
    "epsDiluted": 0.16,
    "weightedAverageShsOut": 2612500000,
    "weightedAverageShsOutDil": 2612500000
  },
  {
    "date": "1990-12-31",
    "symbol": "JNJ",
    "reportedCurrency": "USD",
    "cik": "0000200406",
    "filingDate": "1990-12-31",
    "acceptedDate": "1990-12-31 00:00:00",
    "fiscalYear": "1990",
    "period": "Q4",
    "revenue": 2700000000,
    "costOfRevenue": 873000000,
    "grossProfit": 1827000000,
    "researchAndDevelopmentExpenses": 0,
    "generalAndAdministrativeExpenses": 0,
    "sellingAndMarketingExpenses": 0,
    "sellingGeneralAndAdministrativeExpenses": 1249000000,
    "otherExpenses": 124000000,
    "operatingExpenses": 1373000000,
    "costAndExpenses": 2246000000,
    "netInterestIncome": 0,
    "interestIncome": 0,
    "interestExpense": 0,
    "depreciationAndAmortization": 124000000,
    "ebitda": 578000000,
    "ebit": 454000000,
    "nonOperatingIncomeExcludingInterest": 0,
    "operatingIncome": 454000000,
    "totalOtherIncomeExpensesNet": -168000000,
    "incomeBeforeTax": 286000000,
    "incomeTaxExpense": 54000000,
    "netIncomeFromContinuingOperations": 232000000,
    "netIncomeFromDiscontinuedOperations": 0,
    "otherAdjustmentsToNetIncome": 0,
    "netIncome": 232000000,
    "netIncomeDeductions": 0,
    "bottomLineNetIncome": 232000000,
    "eps": 0.085,
    "epsDiluted": 0.08,
    "weightedAverageShsOut": 2710819009,
    "weightedAverageShsOutDil": 2835907928
  },
  {
    "date": "1990-09-30",
    "symbol": "JNJ",
    "reportedCurrency": "USD",
    "cik": "0000200406",
    "filingDate": "1990-09-30",
    "acceptedDate": "1990-09-30 00:00:00",
    "fiscalYear": "1990",
    "period": "Q3",
    "revenue": 2869000000,
    "costOfRevenue": 895000000,
    "grossProfit": 1974000000,
    "researchAndDevelopmentExpenses": 0,
    "generalAndAdministrativeExpenses": 0,
    "sellingAndMarketingExpenses": 0,
    "sellingGeneralAndAdministrativeExpenses": 1412000000,
    "otherExpenses": 117000000,
    "operatingExpenses": 1529000000,
    "costAndExpenses": 2424000000,
    "netInterestIncome": 0,
    "interestIncome": 0,
    "interestExpense": 0,
    "depreciationAndAmortization": 121000000,
    "ebitda": 566000000,
    "ebit": 445000000,
    "nonOperatingIncomeExcludingInterest": 0,
    "operatingIncome": 445000000,
    "totalOtherIncomeExpensesNet": -10000000,
    "incomeBeforeTax": 435000000,
    "incomeTaxExpense": 121000000,
    "netIncomeFromContinuingOperations": 314000000,
    "netIncomeFromDiscontinuedOperations": 0,
    "otherAdjustmentsToNetIncome": 0,
    "netIncome": 314000000,
    "netIncomeDeductions": 0,
    "bottomLineNetIncome": 314000000,
    "eps": 0.12,
    "epsDiluted": 0.12,
    "weightedAverageShsOut": 2616666667,
    "weightedAverageShsOutDil": 2616666667
  },
  {
    "date": "1990-06-30",
    "symbol": "JNJ",
    "reportedCurrency": "USD",
    "cik": "0000200406",
    "filingDate": "1990-06-30",
    "acceptedDate": "1990-06-30 00:00:00",
    "fiscalYear": "1990",
    "period": "Q2",
    "revenue": 2825000000,
    "costOfRevenue": 875000000,
    "grossProfit": 1950000000,
    "researchAndDevelopmentExpenses": 0,
    "generalAndAdministrativeExpenses": 0,
    "sellingAndMarketingExpenses": 0,
    "sellingGeneralAndAdministrativeExpenses": 1258000000,
    "otherExpenses": 113000000,
    "operatingExpenses": 1371000000,
    "costAndExpenses": 2246000000,
    "netInterestIncome": 0,
    "interestIncome": 0,
    "interestExpense": 0,
    "depreciationAndAmortization": 113000000,
    "ebitda": 692000000,
    "ebit": 579000000,
    "nonOperatingIncomeExcludingInterest": 0,
    "operatingIncome": 579000000,
    "totalOtherIncomeExpensesNet": -80000000,
    "incomeBeforeTax": 499000000,
    "incomeTaxExpense": 146000000,
    "netIncomeFromContinuingOperations": 353000000,
    "netIncomeFromDiscontinuedOperations": 0,
    "otherAdjustmentsToNetIncome": 0,
    "netIncome": 353000000,
    "netIncomeDeductions": 0,
    "bottomLineNetIncome": 353000000,
    "eps": 0.14,
    "epsDiluted": 0.14,
    "weightedAverageShsOut": 2614814815,
    "weightedAverageShsOutDil": 2614814815
  },
  {
    "date": "1990-03-31",
    "symbol": "JNJ",
    "reportedCurrency": "USD",
    "cik": "0000200406",
    "filingDate": "1990-03-31",
    "acceptedDate": "1990-03-31 00:00:00",
    "fiscalYear": "1990",
    "period": "Q1",
    "revenue": 2838000000,
    "costOfRevenue": 796000000,
    "grossProfit": 2042000000,
    "researchAndDevelopmentExpenses": 0,
    "generalAndAdministrativeExpenses": 0,
    "sellingAndMarketingExpenses": 0,
    "sellingGeneralAndAdministrativeExpenses": 1353000000,
    "otherExpenses": 116000000,
    "operatingExpenses": 1469000000,
    "costAndExpenses": 2265000000,
    "netInterestIncome": 0,
    "interestIncome": 0,
    "interestExpense": 0,
    "depreciationAndAmortization": 116000000,
    "ebitda": 689000000,
    "ebit": 573000000,
    "nonOperatingIncomeExcludingInterest": 0,
    "operatingIncome": 573000000,
    "totalOtherIncomeExpensesNet": -170000000,
    "incomeBeforeTax": 403000000,
    "incomeTaxExpense": 159000000,
    "netIncomeFromContinuingOperations": 244000000,
    "netIncomeFromDiscontinuedOperations": 0,
    "otherAdjustmentsToNetIncome": 0,
    "netIncome": 244000000,
    "netIncomeDeductions": 0,
    "bottomLineNetIncome": 244000000,
    "eps": 0.095,
    "epsDiluted": 0.095,
    "weightedAverageShsOut": 2568421053,
    "weightedAverageShsOutDil": 2568421053
  },
  {
    "date": "1989-12-31",
    "symbol": "JNJ",
    "reportedCurrency": "USD",
    "cik": "0000200406",
    "filingDate": "1989-12-31",
    "acceptedDate": "1989-12-31 00:00:00",
    "fiscalYear": "1989",
    "period": "Q4",
    "revenue": 2471000000,
    "costOfRevenue": 835000000,
    "grossProfit": 1636000000,
    "researchAndDevelopmentExpenses": 0,
    "generalAndAdministrativeExpenses": 0,
    "sellingAndMarketingExpenses": 0,
    "sellingGeneralAndAdministrativeExpenses": 1209000000,
    "otherExpenses": 106000000,
    "operatingExpenses": 1315000000,
    "costAndExpenses": 2150000000,
    "netInterestIncome": 0,
    "interestIncome": 0,
    "interestExpense": 0,
    "depreciationAndAmortization": 106000000,
    "ebitda": 427000000,
    "ebit": 321000000,
    "nonOperatingIncomeExcludingInterest": 0,
    "operatingIncome": 321000000,
    "totalOtherIncomeExpensesNet": -75000000,
    "incomeBeforeTax": 246000000,
    "incomeTaxExpense": 43000000,
    "netIncomeFromContinuingOperations": 203000000,
    "netIncomeFromDiscontinuedOperations": 0,
    "otherAdjustmentsToNetIncome": 0,
    "netIncome": 203000000,
    "netIncomeDeductions": 0,
    "bottomLineNetIncome": 203000000,
    "eps": 0.075,
    "epsDiluted": 0.07,
    "weightedAverageShsOut": 2695510662,
    "weightedAverageShsOutDil": 2829090909
  },
  {
    "date": "1989-09-30",
    "symbol": "JNJ",
    "reportedCurrency": "USD",
    "cik": "0000200406",
    "filingDate": "1989-09-30",
    "acceptedDate": "1989-09-29 20:00:00",
    "fiscalYear": "1989",
    "period": "Q3",
    "revenue": 2451000000,
    "costOfRevenue": 769000000,
    "grossProfit": 1682000000,
    "researchAndDevelopmentExpenses": 0,
    "generalAndAdministrativeExpenses": 0,
    "sellingAndMarketingExpenses": 0,
    "sellingGeneralAndAdministrativeExpenses": 1154000000,
    "otherExpenses": 101000000,
    "operatingExpenses": 1255000000,
    "costAndExpenses": 2024000000,
    "netInterestIncome": 0,
    "interestIncome": 0,
    "interestExpense": 0,
    "depreciationAndAmortization": 101000000,
    "ebitda": 528000000,
    "ebit": 427000000,
    "nonOperatingIncomeExcludingInterest": 0,
    "operatingIncome": 427000000,
    "totalOtherIncomeExpensesNet": -65000000,
    "incomeBeforeTax": 362000000,
    "incomeTaxExpense": 97000000,
    "netIncomeFromContinuingOperations": 265000000,
    "netIncomeFromDiscontinuedOperations": 0,
    "otherAdjustmentsToNetIncome": 0,
    "netIncome": 265000000,
    "netIncomeDeductions": 0,
    "bottomLineNetIncome": 265000000,
    "eps": 0.1,
    "epsDiluted": 0.1,
    "weightedAverageShsOut": 2650000000,
    "weightedAverageShsOutDil": 2650000000
  },
  {
    "date": "1989-06-30",
    "symbol": "JNJ",
    "reportedCurrency": "USD",
    "cik": "0000200406",
    "filingDate": "1989-06-30",
    "acceptedDate": "1989-06-29 20:00:00",
    "fiscalYear": "1989",
    "period": "Q2",
    "revenue": 2390000000,
    "costOfRevenue": 732000000,
    "grossProfit": 1658000000,
    "researchAndDevelopmentExpenses": 0,
    "generalAndAdministrativeExpenses": 0,
    "sellingAndMarketingExpenses": 0,
    "sellingGeneralAndAdministrativeExpenses": 0,
    "otherExpenses": 1217000000,
    "operatingExpenses": 1217000000,
    "costAndExpenses": 1949000000,
    "netInterestIncome": 0,
    "interestIncome": 0,
    "interestExpense": 0,
    "depreciationAndAmortization": 0,
    "ebitda": 2390000000,
    "ebit": 2390000000,
    "nonOperatingIncomeExcludingInterest": 0,
    "operatingIncome": 441000000,
    "totalOtherIncomeExpensesNet": 0,
    "incomeBeforeTax": 439000000,
    "incomeTaxExpense": 142000000,
    "netIncomeFromContinuingOperations": 297000000,
    "netIncomeFromDiscontinuedOperations": 0,
    "otherAdjustmentsToNetIncome": 0,
    "netIncome": 297000000,
    "netIncomeDeductions": 0,
    "bottomLineNetIncome": 297000000,
    "eps": 0.12,
    "epsDiluted": 0.11,
    "weightedAverageShsOut": 2641666667,
    "weightedAverageShsOutDil": 2641666667
  },
  {
    "date": "1989-03-31",
    "symbol": "JNJ",
    "reportedCurrency": "USD",
    "cik": "0000200406",
    "filingDate": "1989-03-31",
    "acceptedDate": "1989-03-31 00:00:00",
    "fiscalYear": "1989",
    "period": "Q1",
    "revenue": 2445000000,
    "costOfRevenue": 730000000,
    "grossProfit": 1715000000,
    "researchAndDevelopmentExpenses": 0,
    "generalAndAdministrativeExpenses": 0,
    "sellingAndMarketingExpenses": 0,
    "sellingGeneralAndAdministrativeExpenses": 1133000000,
    "otherExpenses": 110000000,
    "operatingExpenses": 1243000000,
    "costAndExpenses": 1973000000,
    "netInterestIncome": 0,
    "interestIncome": 0,
    "interestExpense": 0,
    "depreciationAndAmortization": 110000000,
    "ebitda": 582000000,
    "ebit": 472000000,
    "nonOperatingIncomeExcludingInterest": 0,
    "operatingIncome": 472000000,
    "totalOtherIncomeExpensesNet": -5000000,
    "incomeBeforeTax": 467000000,
    "incomeTaxExpense": 150000000,
    "netIncomeFromContinuingOperations": 317000000,
    "netIncomeFromDiscontinuedOperations": 0,
    "otherAdjustmentsToNetIncome": 0,
    "netIncome": 317000000,
    "netIncomeDeductions": 0,
    "bottomLineNetIncome": 317000000,
    "eps": 0.12,
    "epsDiluted": 0.12,
    "weightedAverageShsOut": 2641666667,
    "weightedAverageShsOutDil": 2641666667
  },
  {
    "date": "1988-12-31",
    "symbol": "JNJ",
    "reportedCurrency": "USD",
    "cik": "0000200406",
    "filingDate": "1988-12-31",
    "acceptedDate": "1988-12-30 19:00:00",
    "fiscalYear": "1988",
    "period": "Q4",
    "revenue": 2200000000,
    "costOfRevenue": 0,
    "grossProfit": 2200000000,
    "researchAndDevelopmentExpenses": 0,
    "generalAndAdministrativeExpenses": 0,
    "sellingAndMarketingExpenses": 0,
    "sellingGeneralAndAdministrativeExpenses": 0,
    "otherExpenses": 7596000000,
    "operatingExpenses": 7596000000,
    "costAndExpenses": 7596000000,
    "netInterestIncome": 0,
    "interestIncome": 0,
    "interestExpense": 0,
    "depreciationAndAmortization": 0,
    "ebitda": -5396000000,
    "ebit": -5396000000,
    "nonOperatingIncomeExcludingInterest": 0,
    "operatingIncome": -5396000000,
    "totalOtherIncomeExpensesNet": 5396000000,
    "incomeBeforeTax": 0,
    "incomeTaxExpense": 0,
    "netIncomeFromContinuingOperations": 184000000,
    "netIncomeFromDiscontinuedOperations": 0,
    "otherAdjustmentsToNetIncome": 0,
    "netIncome": 184000000,
    "netIncomeDeductions": 0,
    "bottomLineNetIncome": 184000000,
    "eps": 0.065,
    "epsDiluted": 0.06,
    "weightedAverageShsOut": 2664560000,
    "weightedAverageShsOutDil": 2664560000
  },
  {
    "date": "1988-09-30",
    "symbol": "JNJ",
    "reportedCurrency": "USD",
    "cik": "0000200406",
    "filingDate": "1988-09-30",
    "acceptedDate": "1988-09-29 20:00:00",
    "fiscalYear": "1988",
    "period": "Q3",
    "revenue": 2199000000,
    "costOfRevenue": 0,
    "grossProfit": 2199000000,
    "researchAndDevelopmentExpenses": 0,
    "generalAndAdministrativeExpenses": 0,
    "sellingAndMarketingExpenses": 0,
    "sellingGeneralAndAdministrativeExpenses": 0,
    "otherExpenses": 0,
    "operatingExpenses": 0,
    "costAndExpenses": 0,
    "netInterestIncome": 0,
    "interestIncome": 0,
    "interestExpense": 0,
    "depreciationAndAmortization": 0,
    "ebitda": 2199000000,
    "ebit": 2199000000,
    "nonOperatingIncomeExcludingInterest": 0,
    "operatingIncome": 2199000000,
    "totalOtherIncomeExpensesNet": -2199000000,
    "incomeBeforeTax": 0,
    "incomeTaxExpense": 0,
    "netIncomeFromContinuingOperations": 240000000,
    "netIncomeFromDiscontinuedOperations": 0,
    "otherAdjustmentsToNetIncome": 0,
    "netIncome": 240000000,
    "netIncomeDeductions": 0,
    "bottomLineNetIncome": 240000000,
    "eps": 0.09,
    "epsDiluted": 0.09,
    "weightedAverageShsOut": 2737168000,
    "weightedAverageShsOutDil": 2737168000
  },
  {
    "date": "1988-06-30",
    "symbol": "JNJ",
    "reportedCurrency": "USD",
    "cik": "0000200406",
    "filingDate": "1988-06-30",
    "acceptedDate": "1988-06-29 20:00:00",
    "fiscalYear": "1988",
    "period": "Q2",
    "revenue": 2290000000,
    "costOfRevenue": 0,
    "grossProfit": 2290000000,
    "researchAndDevelopmentExpenses": 0,
    "generalAndAdministrativeExpenses": 0,
    "sellingAndMarketingExpenses": 0,
    "sellingGeneralAndAdministrativeExpenses": 0,
    "otherExpenses": 0,
    "operatingExpenses": 0,
    "costAndExpenses": 0,
    "netInterestIncome": 0,
    "interestIncome": 0,
    "interestExpense": 0,
    "depreciationAndAmortization": 0,
    "ebitda": 2290000000,
    "ebit": 2290000000,
    "nonOperatingIncomeExcludingInterest": 0,
    "operatingIncome": 2290000000,
    "totalOtherIncomeExpensesNet": -2290000000,
    "incomeBeforeTax": 0,
    "incomeTaxExpense": 0,
    "netIncomeFromContinuingOperations": 271000000,
    "netIncomeFromDiscontinuedOperations": 0,
    "otherAdjustmentsToNetIncome": 0,
    "netIncome": 271000000,
    "netIncomeDeductions": 0,
    "bottomLineNetIncome": 271000000,
    "eps": 0.1,
    "epsDiluted": 0.1,
    "weightedAverageShsOut": 2753536000,
    "weightedAverageShsOutDil": 2753536000
  },
  {
    "date": "1988-03-31",
    "symbol": "JNJ",
    "reportedCurrency": "USD",
    "cik": "0000200406",
    "filingDate": "1988-03-31",
    "acceptedDate": "1988-03-30 19:00:00",
    "fiscalYear": "1988",
    "period": "Q1",
    "revenue": 2311000000,
    "costOfRevenue": 0,
    "grossProfit": 2311000000,
    "researchAndDevelopmentExpenses": 0,
    "generalAndAdministrativeExpenses": 0,
    "sellingAndMarketingExpenses": 0,
    "sellingGeneralAndAdministrativeExpenses": 0,
    "otherExpenses": 0,
    "operatingExpenses": 0,
    "costAndExpenses": 0,
    "netInterestIncome": 0,
    "interestIncome": 0,
    "interestExpense": 0,
    "depreciationAndAmortization": 0,
    "ebitda": 2311000000,
    "ebit": 2311000000,
    "nonOperatingIncomeExcludingInterest": 0,
    "operatingIncome": 2311000000,
    "totalOtherIncomeExpensesNet": -2311000000,
    "incomeBeforeTax": 0,
    "incomeTaxExpense": 0,
    "netIncomeFromContinuingOperations": 279000000,
    "netIncomeFromDiscontinuedOperations": 0,
    "otherAdjustmentsToNetIncome": 0,
    "netIncome": 279000000,
    "netIncomeDeductions": 0,
    "bottomLineNetIncome": 279000000,
    "eps": 0.1,
    "epsDiluted": 0.1,
    "weightedAverageShsOut": 2761872000,
    "weightedAverageShsOutDil": 2761872000
  },
  {
    "date": "1987-12-31",
    "symbol": "JNJ",
    "reportedCurrency": "USD",
    "cik": "0000200406",
    "filingDate": "1987-12-31",
    "acceptedDate": "1987-12-30 19:00:00",
    "fiscalYear": "1987",
    "period": "Q4",
    "revenue": 2028100000,
    "costOfRevenue": 0,
    "grossProfit": 2028100000,
    "researchAndDevelopmentExpenses": 0,
    "generalAndAdministrativeExpenses": 0,
    "sellingAndMarketingExpenses": 0,
    "sellingGeneralAndAdministrativeExpenses": 0,
    "otherExpenses": 6803000000,
    "operatingExpenses": 6803000000,
    "costAndExpenses": 6803000000,
    "netInterestIncome": 0,
    "interestIncome": 0,
    "interestExpense": 0,
    "depreciationAndAmortization": 0,
    "ebitda": -4774900000,
    "ebit": -4774900000,
    "nonOperatingIncomeExcludingInterest": 0,
    "operatingIncome": -4774900000,
    "totalOtherIncomeExpensesNet": 4774900000,
    "incomeBeforeTax": 0,
    "incomeTaxExpense": 0,
    "netIncomeFromContinuingOperations": 162700000,
    "netIncomeFromDiscontinuedOperations": 0,
    "otherAdjustmentsToNetIncome": 0,
    "netIncome": 162700000,
    "netIncomeDeductions": 0,
    "bottomLineNetIncome": 162700000,
    "eps": 0.06,
    "epsDiluted": 0.06,
    "weightedAverageShsOut": 2753536000,
    "weightedAverageShsOutDil": 2753536000
  },
  {
    "date": "1987-09-30",
    "symbol": "JNJ",
    "reportedCurrency": "USD",
    "cik": "0000200406",
    "filingDate": "1987-09-30",
    "acceptedDate": "1987-09-29 20:00:00",
    "fiscalYear": "1987",
    "period": "Q3",
    "revenue": 1993200000,
    "costOfRevenue": 0,
    "grossProfit": 1993200000,
    "researchAndDevelopmentExpenses": 0,
    "generalAndAdministrativeExpenses": 0,
    "sellingAndMarketingExpenses": 0,
    "sellingGeneralAndAdministrativeExpenses": 0,
    "otherExpenses": 0,
    "operatingExpenses": 0,
    "costAndExpenses": 0,
    "netInterestIncome": 0,
    "interestIncome": 0,
    "interestExpense": 0,
    "depreciationAndAmortization": 0,
    "ebitda": 1993200000,
    "ebit": 1993200000,
    "nonOperatingIncomeExcludingInterest": 0,
    "operatingIncome": 1993200000,
    "totalOtherIncomeExpensesNet": -1993200000,
    "incomeBeforeTax": 0,
    "incomeTaxExpense": 0,
    "netIncomeFromContinuingOperations": 210400000,
    "netIncomeFromDiscontinuedOperations": 0,
    "otherAdjustmentsToNetIncome": 0,
    "netIncome": 210400000,
    "netIncomeDeductions": 0,
    "bottomLineNetIncome": 210400000,
    "eps": 0.08,
    "epsDiluted": 0.08,
    "weightedAverageShsOut": 2762976000,
    "weightedAverageShsOutDil": 2762976000
  },
  {
    "date": "1987-06-30",
    "symbol": "JNJ",
    "reportedCurrency": "USD",
    "cik": "0000200406",
    "filingDate": "1987-06-30",
    "acceptedDate": "1987-06-29 20:00:00",
    "fiscalYear": "1987",
    "period": "Q2",
    "revenue": 2010000000,
    "costOfRevenue": 0,
    "grossProfit": 2010000000,
    "researchAndDevelopmentExpenses": 0,
    "generalAndAdministrativeExpenses": 0,
    "sellingAndMarketingExpenses": 0,
    "sellingGeneralAndAdministrativeExpenses": 0,
    "otherExpenses": 0,
    "operatingExpenses": 0,
    "costAndExpenses": 0,
    "netInterestIncome": 0,
    "interestIncome": 0,
    "interestExpense": 0,
    "depreciationAndAmortization": 0,
    "ebitda": 2010000000,
    "ebit": 2010000000,
    "nonOperatingIncomeExcludingInterest": 0,
    "operatingIncome": 2010000000,
    "totalOtherIncomeExpensesNet": -2010000000,
    "incomeBeforeTax": 0,
    "incomeTaxExpense": 0,
    "netIncomeFromContinuingOperations": 224400000,
    "netIncomeFromDiscontinuedOperations": 0,
    "otherAdjustmentsToNetIncome": 0,
    "netIncome": 224400000,
    "netIncomeDeductions": 0,
    "bottomLineNetIncome": 224400000,
    "eps": 0.085,
    "epsDiluted": 0.085,
    "weightedAverageShsOut": 2765600000,
    "weightedAverageShsOutDil": 2765600000
  },
  {
    "date": "1987-03-31",
    "symbol": "JNJ",
    "reportedCurrency": "USD",
    "cik": "0000200406",
    "filingDate": "1987-03-31",
    "acceptedDate": "1987-03-30 19:00:00",
    "fiscalYear": "1987",
    "period": "Q1",
    "revenue": 1980800000,
    "costOfRevenue": 0,
    "grossProfit": 1980800000,
    "researchAndDevelopmentExpenses": 0,
    "generalAndAdministrativeExpenses": 0,
    "sellingAndMarketingExpenses": 0,
    "sellingGeneralAndAdministrativeExpenses": 0,
    "otherExpenses": 0,
    "operatingExpenses": 0,
    "costAndExpenses": 0,
    "netInterestIncome": 0,
    "interestIncome": 0,
    "interestExpense": 0,
    "depreciationAndAmortization": 0,
    "ebitda": 1980800000,
    "ebit": 1980800000,
    "nonOperatingIncomeExcludingInterest": 0,
    "operatingIncome": 1980800000,
    "totalOtherIncomeExpensesNet": -1980800000,
    "incomeBeforeTax": 0,
    "incomeTaxExpense": 0,
    "netIncomeFromContinuingOperations": 235500000,
    "netIncomeFromDiscontinuedOperations": 0,
    "otherAdjustmentsToNetIncome": 0,
    "netIncome": 235500000,
    "netIncomeDeductions": 0,
    "bottomLineNetIncome": 235500000,
    "eps": 0.085,
    "epsDiluted": 0.085,
    "weightedAverageShsOut": 2765600000,
    "weightedAverageShsOutDil": 2765600000
  },
  {
    "date": "1986-12-31",
    "symbol": "JNJ",
    "reportedCurrency": "USD",
    "cik": "0000200406",
    "filingDate": "1986-12-31",
    "acceptedDate": "1986-12-30 19:00:00",
    "fiscalYear": "1986",
    "period": "Q4",
    "revenue": 1745800000,
    "costOfRevenue": 0,
    "grossProfit": 1745800000,
    "researchAndDevelopmentExpenses": 0,
    "generalAndAdministrativeExpenses": 0,
    "sellingAndMarketingExpenses": 0,
    "sellingGeneralAndAdministrativeExpenses": 0,
    "otherExpenses": 6019300000,
    "operatingExpenses": 6019300000,
    "costAndExpenses": 6019300000,
    "netInterestIncome": 0,
    "interestIncome": 0,
    "interestExpense": 0,
    "depreciationAndAmortization": 0,
    "ebitda": -4273500000,
    "ebit": -4273500000,
    "nonOperatingIncomeExcludingInterest": 0,
    "operatingIncome": -4273500000,
    "totalOtherIncomeExpensesNet": 4273500000,
    "incomeBeforeTax": 0,
    "incomeTaxExpense": 0,
    "netIncomeFromContinuingOperations": 96500000,
    "netIncomeFromDiscontinuedOperations": 0,
    "otherAdjustmentsToNetIncome": 0,
    "netIncome": 96500000,
    "netIncomeDeductions": 0,
    "bottomLineNetIncome": 96500000,
    "eps": 0.035,
    "epsDiluted": 0.035,
    "weightedAverageShsOut": 2765600000,
    "weightedAverageShsOutDil": 2765600000
  },
  {
    "date": "1986-09-30",
    "symbol": "JNJ",
    "reportedCurrency": "USD",
    "cik": "0000200406",
    "filingDate": "1986-09-30",
    "acceptedDate": "1986-09-29 20:00:00",
    "fiscalYear": "1986",
    "period": "Q3",
    "revenue": 1782300000,
    "costOfRevenue": 0,
    "grossProfit": 1782300000,
    "researchAndDevelopmentExpenses": 0,
    "generalAndAdministrativeExpenses": 0,
    "sellingAndMarketingExpenses": 0,
    "sellingGeneralAndAdministrativeExpenses": 0,
    "otherExpenses": 0,
    "operatingExpenses": 0,
    "costAndExpenses": 0,
    "netInterestIncome": 0,
    "interestIncome": 0,
    "interestExpense": 0,
    "depreciationAndAmortization": 0,
    "ebitda": 1782300000,
    "ebit": 1782300000,
    "nonOperatingIncomeExcludingInterest": 0,
    "operatingIncome": 1782300000,
    "totalOtherIncomeExpensesNet": -1782300000,
    "incomeBeforeTax": 0,
    "incomeTaxExpense": 0,
    "netIncomeFromContinuingOperations": 179700000,
    "netIncomeFromDiscontinuedOperations": 0,
    "otherAdjustmentsToNetIncome": 0,
    "netIncome": 179700000,
    "netIncomeDeductions": 0,
    "bottomLineNetIncome": 179700000,
    "eps": 0.065,
    "epsDiluted": 0.065,
    "weightedAverageShsOut": 2844992000,
    "weightedAverageShsOutDil": 2844992000
  },
  {
    "date": "1986-06-30",
    "symbol": "JNJ",
    "reportedCurrency": "USD",
    "cik": "0000200406",
    "filingDate": "1986-06-30",
    "acceptedDate": "1986-06-29 20:00:00",
    "fiscalYear": "1986",
    "period": "Q2",
    "revenue": 1732300000,
    "costOfRevenue": 0,
    "grossProfit": 1732300000,
    "researchAndDevelopmentExpenses": 0,
    "generalAndAdministrativeExpenses": 0,
    "sellingAndMarketingExpenses": 0,
    "sellingGeneralAndAdministrativeExpenses": 0,
    "otherExpenses": 0,
    "operatingExpenses": 0,
    "costAndExpenses": 0,
    "netInterestIncome": 0,
    "interestIncome": 0,
    "interestExpense": 0,
    "depreciationAndAmortization": 0,
    "ebitda": 1732300000,
    "ebit": 1732300000,
    "nonOperatingIncomeExcludingInterest": 0,
    "operatingIncome": 1732300000,
    "totalOtherIncomeExpensesNet": -1732300000,
    "incomeBeforeTax": 0,
    "incomeTaxExpense": 0,
    "netIncomeFromContinuingOperations": 189800000,
    "netIncomeFromDiscontinuedOperations": 0,
    "otherAdjustmentsToNetIncome": 0,
    "netIncome": 189800000,
    "netIncomeDeductions": 0,
    "bottomLineNetIncome": 189800000,
    "eps": 0.065,
    "epsDiluted": 0.065,
    "weightedAverageShsOut": 2903552000,
    "weightedAverageShsOutDil": 2903552000
  },
  {
    "date": "1986-03-31",
    "symbol": "JNJ",
    "reportedCurrency": "USD",
    "cik": "0000200406",
    "filingDate": "1986-03-31",
    "acceptedDate": "1986-03-30 19:00:00",
    "fiscalYear": "1986",
    "period": "Q1",
    "revenue": 1742500000,
    "costOfRevenue": 0,
    "grossProfit": 1742500000,
    "researchAndDevelopmentExpenses": 0,
    "generalAndAdministrativeExpenses": 0,
    "sellingAndMarketingExpenses": 0,
    "sellingGeneralAndAdministrativeExpenses": 0,
    "otherExpenses": 0,
    "operatingExpenses": 0,
    "costAndExpenses": 0,
    "netInterestIncome": 0,
    "interestIncome": 0,
    "interestExpense": 0,
    "depreciationAndAmortization": 0,
    "ebitda": 1742500000,
    "ebit": 1742500000,
    "nonOperatingIncomeExcludingInterest": 0,
    "operatingIncome": 1742500000,
    "totalOtherIncomeExpensesNet": -1742500000,
    "incomeBeforeTax": 0,
    "incomeTaxExpense": 0,
    "netIncomeFromContinuingOperations": -136500000,
    "netIncomeFromDiscontinuedOperations": 0,
    "otherAdjustmentsToNetIncome": 0,
    "netIncome": -136500000,
    "netIncomeDeductions": 0,
    "bottomLineNetIncome": -136500000,
    "eps": -0.05,
    "epsDiluted": -0.05,
    "weightedAverageShsOut": 2925632000,
    "weightedAverageShsOutDil": 2925632000
  },
  {
    "date": "1985-12-31",
    "symbol": "JNJ",
    "reportedCurrency": "USD",
    "cik": "0000200406",
    "filingDate": "1985-12-31",
    "acceptedDate": "1985-12-30 19:00:00",
    "fiscalYear": "1985",
    "period": "Q4",
    "revenue": 1657600000,
    "costOfRevenue": 0,
    "grossProfit": 1657600000,
    "researchAndDevelopmentExpenses": 0,
    "generalAndAdministrativeExpenses": 0,
    "sellingAndMarketingExpenses": 0,
    "sellingGeneralAndAdministrativeExpenses": 0,
    "otherExpenses": 5581300000,
    "operatingExpenses": 5581300000,
    "costAndExpenses": 5581300000,
    "netInterestIncome": 0,
    "interestIncome": 0,
    "interestExpense": 0,
    "depreciationAndAmortization": 0,
    "ebitda": -3923700000,
    "ebit": -3923700000,
    "nonOperatingIncomeExcludingInterest": 0,
    "operatingIncome": -3923700000,
    "totalOtherIncomeExpensesNet": 3923700000,
    "incomeBeforeTax": 0,
    "incomeTaxExpense": 0,
    "netIncomeFromContinuingOperations": 127700000,
    "netIncomeFromDiscontinuedOperations": 0,
    "otherAdjustmentsToNetIncome": 0,
    "netIncome": 127700000,
    "netIncomeDeductions": 0,
    "bottomLineNetIncome": 127700000,
    "eps": 0.04,
    "epsDiluted": 0.04,
    "weightedAverageShsOut": 2925632000,
    "weightedAverageShsOutDil": 2925632000
  },
  {
    "date": "1985-09-30",
    "symbol": "JNJ",
    "reportedCurrency": "USD",
    "cik": "0000200406",
    "filingDate": "1985-09-30",
    "acceptedDate": "1985-09-29 20:00:00",
    "fiscalYear": "1985",
    "period": "Q3",
    "revenue": 1602800000,
    "costOfRevenue": 0,
    "grossProfit": 1602800000,
    "researchAndDevelopmentExpenses": 0,
    "generalAndAdministrativeExpenses": 0,
    "sellingAndMarketingExpenses": 0,
    "sellingGeneralAndAdministrativeExpenses": 0,
    "otherExpenses": 0,
    "operatingExpenses": 0,
    "costAndExpenses": 0,
    "netInterestIncome": 0,
    "interestIncome": 0,
    "interestExpense": 0,
    "depreciationAndAmortization": 0,
    "ebitda": 1602800000,
    "ebit": 1602800000,
    "nonOperatingIncomeExcludingInterest": 0,
    "operatingIncome": 1602800000,
    "totalOtherIncomeExpensesNet": -1602800000,
    "incomeBeforeTax": 0,
    "incomeTaxExpense": 0,
    "netIncomeFromContinuingOperations": 158000000,
    "netIncomeFromDiscontinuedOperations": 0,
    "otherAdjustmentsToNetIncome": 0,
    "netIncome": 158000000,
    "netIncomeDeductions": 0,
    "bottomLineNetIncome": 158000000,
    "eps": 0.055,
    "epsDiluted": 0.055,
    "weightedAverageShsOut": 2926912000,
    "weightedAverageShsOutDil": 2926912000
  }
]