[
  {
    "date": "2025-12-31",
    "symbol": "V",
    "reportedCurrency": "USD",
    "cik": "0001403161",
    "filingDate": "2026-01-30",
    "acceptedDate": "2026-01-29 18:08:26",
    "fiscalYear": "2026",
    "period": "Q1",
    "revenue": 10901000000,
    "costOfRevenue": 2174000000,
    "grossProfit": 8727000000,
    "researchAndDevelopmentExpenses": 0,
    "generalAndAdministrativeExpenses": 723000000,
    "sellingAndMarketingExpenses": 410000000,
    "sellingGeneralAndAdministrativeExpenses": 1133000000,
    "otherExpenses": 857000000,
    "operatingExpenses": 1990000000,
    "costAndExpenses": 4164000000,
    "netInterestIncome": -194000000,
    "interestIncome": 0,
    "interestExpense": 194000000,
    "depreciationAndAmortization": 326000000,
    "ebitda": 6858000000,
    "ebit": 6532000000,
    "nonOperatingIncomeExcludingInterest": 205000000,
    "operatingIncome": 6737000000,
    "totalOtherIncomeExpensesNet": -11000000,
    "incomeBeforeTax": 6726000000,
    "incomeTaxExpense": 873000000,
    "netIncomeFromContinuingOperations": 5853000000,
    "netIncomeFromDiscontinuedOperations": 0,
    "otherAdjustmentsToNetIncome": 0,
    "netIncome": 5853000000,
    "netIncomeDeductions": 0,
    "bottomLineNetIncome": 5853000000,
    "eps": 3.01,
    "epsDiluted": 2.67,
    "weightedAverageShsOut": 1942000000,
    "weightedAverageShsOutDil": 2194000000
  },
  {
    "date": "2025-09-30",
    "symbol": "V",
    "reportedCurrency": "USD",
    "cik": "0001403161",
    "filingDate": "2025-11-06",
    "acceptedDate": "2025-11-06 16:09:41",
    "fiscalYear": "2025",
    "period": "Q4",
    "revenue": 10724000000,
    "costOfRevenue": 1981000000,
    "grossProfit": 8743000000,
    "researchAndDevelopmentExpenses": 0,
    "generalAndAdministrativeExpenses": 800000000,
    "sellingAndMarketingExpenses": 576000000,
    "sellingGeneralAndAdministrativeExpenses": 1376000000,
    "otherExpenses": 1219000000,
    "operatingExpenses": 2595000000,
    "costAndExpenses": 4576000000,
    "netInterestIncome": -210000000,
    "interestIncome": 0,
    "interestExpense": 210000000,
    "depreciationAndAmortization": 316000000,
    "ebitda": 6749000000,
    "ebit": 6433000000,
    "nonOperatingIncomeExcludingInterest": -285000000,
    "operatingIncome": 6148000000,
    "totalOtherIncomeExpensesNet": 75000000,
    "incomeBeforeTax": 6223000000,
    "incomeTaxExpense": 1133000000,
    "netIncomeFromContinuingOperations": 5090000000,
    "netIncomeFromDiscontinuedOperations": 0,
    "otherAdjustmentsToNetIncome": 0,
    "netIncome": 5090000000,
    "netIncomeDeductions": 0,
    "bottomLineNetIncome": 5041000000,
    "eps": 2.62,
    "epsDiluted": 2.59,
    "weightedAverageShsOut": 1924000000,
    "weightedAverageShsOutDil": 2173000000
  },
  {
    "date": "2025-06-30",
    "symbol": "V",
    "reportedCurrency": "USD",
    "cik": "0001403161",
    "filingDate": "2025-07-30",
    "acceptedDate": "2025-07-29 18:06:21",
    "fiscalYear": "2025",
    "period": "Q3",
    "revenue": 10172000000,
    "costOfRevenue": 1973000000,
    "grossProfit": 8199000000,
    "researchAndDevelopmentExpenses": 0,
    "generalAndAdministrativeExpenses": 669000000,
    "sellingAndMarketingExpenses": 421000000,
    "sellingGeneralAndAdministrativeExpenses": 1090000000,
    "otherExpenses": 932000000,
    "operatingExpenses": 2022000000,
    "costAndExpenses": 3995000000,
    "netInterestIncome": -39000000,
    "interestIncome": 0,
    "interestExpense": 39000000,
    "depreciationAndAmortization": 317000000,
    "ebitda": 6689000000,
    "ebit": 6372000000,
    "nonOperatingIncomeExcludingInterest": -195000000,
    "operatingIncome": 6177000000,
    "totalOtherIncomeExpensesNet": 156000000,
    "incomeBeforeTax": 6333000000,
    "incomeTaxExpense": 1061000000,
    "netIncomeFromContinuingOperations": 5272000000,
    "netIncomeFromDiscontinuedOperations": 0,
    "otherAdjustmentsToNetIncome": 0,
    "netIncome": 5272000000,
    "netIncomeDeductions": 0,
    "bottomLineNetIncome": 5272000000,
    "eps": 2.69,
    "epsDiluted": 2.69,
    "weightedAverageShsOut": 1936908500,
    "weightedAverageShsOutDil": 1959000000
  },
  {
    "date": "2025-03-31",
    "symbol": "V",
    "reportedCurrency": "USD",
    "cik": "0001403161",
    "filingDate": "2025-04-30",
    "acceptedDate": "2025-04-29 18:07:21",
    "fiscalYear": "2025",
    "period": "Q2",
    "revenue": 9594000000,
    "costOfRevenue": 1881000000,
    "grossProfit": 7713000000,
    "researchAndDevelopmentExpenses": 0,
    "generalAndAdministrativeExpenses": 592000000,
    "sellingAndMarketingExpenses": 381000000,
    "sellingGeneralAndAdministrativeExpenses": 973000000,
    "otherExpenses": 1305000000,
    "operatingExpenses": 2278000000,
    "costAndExpenses": 4159000000,
    "netInterestIncome": -158000000,
    "interestIncome": 0,
    "interestExpense": 158000000,
    "depreciationAndAmortization": 305000000,
    "ebitda": 5901000000,
    "ebit": 5596000000,
    "nonOperatingIncomeExcludingInterest": -161000000,
    "operatingIncome": 5435000000,
    "totalOtherIncomeExpensesNet": 3000000,
    "incomeBeforeTax": 5438000000,
    "incomeTaxExpense": 861000000,
    "netIncomeFromContinuingOperations": 4577000000,
    "netIncomeFromDiscontinuedOperations": 0,
    "otherAdjustmentsToNetIncome": 0,
    "netIncome": 4577000000,
    "netIncomeDeductions": 0,
    "bottomLineNetIncome": 4577000000,
    "eps": 2.32,
    "epsDiluted": 2.32,
    "weightedAverageShsOut": 1949986500,
    "weightedAverageShsOutDil": 1974000000
  },
  {
    "date": "2024-12-31",
    "symbol": "V",
    "reportedCurrency": "USD",
    "cik": "0001403161",
    "filingDate": "2025-01-31",
    "acceptedDate": "2025-01-30 18:06:50",
    "fiscalYear": "2025",
    "period": "Q1",
    "revenue": 9510000000,
    "costOfRevenue": 2020000000,
    "grossProfit": 7490000000,
    "researchAndDevelopmentExpenses": 0,
    "generalAndAdministrativeExpenses": 624000000,
    "sellingAndMarketingExpenses": 306000000,
    "sellingGeneralAndAdministrativeExpenses": 930000000,
    "otherExpenses": 326000000,
    "operatingExpenses": 1256000000,
    "costAndExpenses": 3276000000,
    "netInterestIncome": -182000000,
    "interestIncome": 0,
    "interestExpense": 182000000,
    "depreciationAndAmortization": 282000000,
    "ebitda": 6664000000,
    "ebit": 6382000000,
    "nonOperatingIncomeExcludingInterest": -148000000,
    "operatingIncome": 6234000000,
    "totalOtherIncomeExpensesNet": -34000000,
    "incomeBeforeTax": 6200000000,
    "incomeTaxExpense": 1081000000,
    "netIncomeFromContinuingOperations": 5119000000,
    "netIncomeFromDiscontinuedOperations": 0,
    "otherAdjustmentsToNetIncome": 0,
    "netIncome": 5119000000,
    "netIncomeDeductions": 0,
    "bottomLineNetIncome": 5119000000,
    "eps": 2.58,
    "epsDiluted": 2.58,
    "weightedAverageShsOut": 1985000000,
    "weightedAverageShsOutDil": 1985000000
  },
  {
    "date": "2024-09-30",
    "symbol": "V",
    "reportedCurrency": "USD",
    "cik": "0001403161",
    "filingDate": "2024-11-13",
    "acceptedDate": "2024-11-13 17:14:01",
    "fiscalYear": "2024",
    "period": "Q4",
    "revenue": 9617000000,
    "costOfRevenue": 1817000000,
    "grossProfit": 7800000000,
    "researchAndDevelopmentExpenses": 0,
    "generalAndAdministrativeExpenses": 616000000,
    "sellingAndMarketingExpenses": 551000000,
    "sellingGeneralAndAdministrativeExpenses": 1167000000,
    "otherExpenses": 284000000,
    "operatingExpenses": 1451000000,
    "costAndExpenses": 3268000000,
    "netInterestIncome": -176000000,
    "interestIncome": 0,
    "interestExpense": 176000000,
    "depreciationAndAmortization": 274000000,
    "ebitda": 6822000000,
    "ebit": 6548000000,
    "nonOperatingIncomeExcludingInterest": -199000000,
    "operatingIncome": 6349000000,
    "totalOtherIncomeExpensesNet": 23000000,
    "incomeBeforeTax": 6372000000,
    "incomeTaxExpense": 1054000000,
    "netIncomeFromContinuingOperations": 5318000000,
    "netIncomeFromDiscontinuedOperations": 0,
    "otherAdjustmentsToNetIncome": 0,
    "netIncome": 5318000000,
    "netIncomeDeductions": 0,
    "bottomLineNetIncome": 5318000000,
    "eps": 2.66,
    "epsDiluted": 2.65,
    "weightedAverageShsOut": 2003000000,
    "weightedAverageShsOutDil": 2003000000
  },
  {
    "date": "2024-06-30",
    "symbol": "V",
    "reportedCurrency": "USD",
    "cik": "0001403161",
    "filingDate": "2024-07-24",
    "acceptedDate": "2024-07-23 18:12:59",
    "fiscalYear": "2024",
    "period": "Q3",
    "revenue": 8900000000,
    "costOfRevenue": 1773000000,
    "grossProfit": 7127000000,
    "researchAndDevelopmentExpenses": 0,
    "generalAndAdministrativeExpenses": 534000000,
    "sellingAndMarketingExpenses": 378000000,
    "sellingGeneralAndAdministrativeExpenses": 912000000,
    "otherExpenses": 277000000,
    "operatingExpenses": 1189000000,
    "costAndExpenses": 2962000000,
    "netInterestIncome": -196000000,
    "interestIncome": 0,
    "interestExpense": 196000000,
    "depreciationAndAmortization": 264000000,
    "ebitda": 6449000000,
    "ebit": 6185000000,
    "nonOperatingIncomeExcludingInterest": -247000000,
    "operatingIncome": 5938000000,
    "totalOtherIncomeExpensesNet": 51000000,
    "incomeBeforeTax": 5989000000,
    "incomeTaxExpense": 1117000000,
    "netIncomeFromContinuingOperations": 4872000000,
    "netIncomeFromDiscontinuedOperations": 0,
    "otherAdjustmentsToNetIncome": 0,
    "netIncome": 4872000000,
    "netIncomeDeductions": 0,
    "bottomLineNetIncome": 4872000000,
    "eps": 2.4,
    "epsDiluted": 2.4,
    "weightedAverageShsOut": 2029000000,
    "weightedAverageShsOutDil": 2029000000
  },
  {
    "date": "2024-03-31",
    "symbol": "V",
    "reportedCurrency": "USD",
    "cik": "0001403161",
    "filingDate": "2024-04-24",
    "acceptedDate": "2024-04-23 18:06:59",
    "fiscalYear": "2024",
    "period": "Q2",
    "revenue": 8775000000,
    "costOfRevenue": 1792000000,
    "grossProfit": 6983000000,
    "researchAndDevelopmentExpenses": 0,
    "generalAndAdministrativeExpenses": 612000000,
    "sellingAndMarketingExpenses": 338000000,
    "sellingGeneralAndAdministrativeExpenses": 950000000,
    "otherExpenses": 679000000,
    "operatingExpenses": 1629000000,
    "costAndExpenses": 3421000000,
    "netInterestIncome": -82000000,
    "interestIncome": 0,
    "interestExpense": 82000000,
    "depreciationAndAmortization": 249000000,
    "ebitda": 5844000000,
    "ebit": 5595000000,
    "nonOperatingIncomeExcludingInterest": -241000000,
    "operatingIncome": 5354000000,
    "totalOtherIncomeExpensesNet": 159000000,
    "incomeBeforeTax": 5513000000,
    "incomeTaxExpense": 850000000,
    "netIncomeFromContinuingOperations": 4663000000,
    "netIncomeFromDiscontinuedOperations": 0,
    "otherAdjustmentsToNetIncome": 0,
    "netIncome": 4663000000,
    "netIncomeDeductions": 0,
    "bottomLineNetIncome": 4663000000,
    "eps": 2.29,
    "epsDiluted": 2.29,
    "weightedAverageShsOut": 2039000000,
    "weightedAverageShsOutDil": 2039000000
  },
  {
    "date": "2023-12-31",
    "symbol": "V",
    "reportedCurrency": "USD",
    "cik": "0001403161",
    "filingDate": "2024-01-26",
    "acceptedDate": "2024-01-25 18:17:40",
    "fiscalYear": "2024",
    "period": "Q1",
    "revenue": 8634000000,
    "costOfRevenue": 1660000000,
    "grossProfit": 6974000000,
    "researchAndDevelopmentExpenses": 0,
    "generalAndAdministrativeExpenses": 471000000,
    "sellingAndMarketingExpenses": 293000000,
    "sellingGeneralAndAdministrativeExpenses": 764000000,
    "otherExpenses": 256000000,
    "operatingExpenses": 1020000000,
    "costAndExpenses": 2680000000,
    "netInterestIncome": -187000000,
    "interestIncome": 0,
    "interestExpense": 187000000,
    "depreciationAndAmortization": 247000000,
    "ebitda": 6476000000,
    "ebit": 6229000000,
    "nonOperatingIncomeExcludingInterest": -275000000,
    "operatingIncome": 5954000000,
    "totalOtherIncomeExpensesNet": 88000000,
    "incomeBeforeTax": 6042000000,
    "incomeTaxExpense": 1152000000,
    "netIncomeFromContinuingOperations": 4890000000,
    "netIncomeFromDiscontinuedOperations": 0,
    "otherAdjustmentsToNetIncome": 0,
    "netIncome": 4890000000,
    "netIncomeDeductions": 0,
    "bottomLineNetIncome": 4890000000,
    "eps": 2.39,
    "epsDiluted": 2.39,
    "weightedAverageShsOut": 2045000000,
    "weightedAverageShsOutDil": 2045000000
  },
  {
    "date": "2023-09-30",
    "symbol": "V",
    "reportedCurrency": "USD",
    "cik": "0001403161",
    "filingDate": "2023-11-15",
    "acceptedDate": "2023-11-15 16:07:14",
    "fiscalYear": "2023",
    "period": "Q4",
    "revenue": 8609000000,
    "costOfRevenue": 1695000000,
    "grossProfit": 6914000000,
    "researchAndDevelopmentExpenses": 0,
    "generalAndAdministrativeExpenses": 585000000,
    "sellingAndMarketingExpenses": 403000000,
    "sellingGeneralAndAdministrativeExpenses": 988000000,
    "otherExpenses": 376000000,
    "operatingExpenses": 1364000000,
    "costAndExpenses": 3059000000,
    "netInterestIncome": -183000000,
    "interestIncome": 0,
    "interestExpense": 183000000,
    "depreciationAndAmortization": 247000000,
    "ebitda": 6066000000,
    "ebit": 5819000000,
    "nonOperatingIncomeExcludingInterest": -269000000,
    "operatingIncome": 5550000000,
    "totalOtherIncomeExpensesNet": 86000000,
    "incomeBeforeTax": 5636000000,
    "incomeTaxExpense": 955000000,
    "netIncomeFromContinuingOperations": 4681000000,
    "netIncomeFromDiscontinuedOperations": 0,
    "otherAdjustmentsToNetIncome": 0,
    "netIncome": 4681000000,
    "netIncomeDeductions": 0,
    "bottomLineNetIncome": 4681000000,
    "eps": 2.27,
    "epsDiluted": 2.27,
    "weightedAverageShsOut": 2065000000,
    "weightedAverageShsOutDil": 2065000000
  },
  {
    "date": "2023-06-30",
    "symbol": "V",
    "reportedCurrency": "USD",
    "cik": "0001403161",
    "filingDate": "2023-07-26",
    "acceptedDate": "2023-07-25 18:21:55",
    "fiscalYear": "2023",
    "period": "Q3",
    "revenue": 8123000000,
    "costOfRevenue": 1663000000,
    "grossProfit": 6460000000,
    "researchAndDevelopmentExpenses": 0,
    "generalAndAdministrativeExpenses": 447000000,
    "sellingAndMarketingExpenses": 297000000,
    "sellingGeneralAndAdministrativeExpenses": 744000000,
    "otherExpenses": 692000000,
    "operatingExpenses": 1436000000,
    "costAndExpenses": 3099000000,
    "netInterestIncome": -182000000,
    "interestIncome": 0,
    "interestExpense": 182000000,
    "depreciationAndAmortization": 235000000,
    "ebitda": 5563000000,
    "ebit": 5328000000,
    "nonOperatingIncomeExcludingInterest": -304000000,
    "operatingIncome": 5024000000,
    "totalOtherIncomeExpensesNet": 122000000,
    "incomeBeforeTax": 5146000000,
    "incomeTaxExpense": 990000000,
    "netIncomeFromContinuingOperations": 4156000000,
    "netIncomeFromDiscontinuedOperations": 0,
    "otherAdjustmentsToNetIncome": 0,
    "netIncome": 4156000000,
    "netIncomeDeductions": 0,
    "bottomLineNetIncome": 4156000000,
    "eps": 2,
    "epsDiluted": 2,
    "weightedAverageShsOut": 2080000000,
    "weightedAverageShsOutDil": 2080000000
  },
  {
    "date": "2023-03-31",
    "symbol": "V",
    "reportedCurrency": "USD",
    "cik": "0001403161",
    "filingDate": "2023-04-27",
    "acceptedDate": "2023-04-26 17:36:19",
    "fiscalYear": "2023",
    "period": "Q2",
    "revenue": 7985000000,
    "costOfRevenue": 1694000000,
    "grossProfit": 6291000000,
    "researchAndDevelopmentExpenses": 0,
    "generalAndAdministrativeExpenses": 412000000,
    "sellingAndMarketingExpenses": 309000000,
    "sellingGeneralAndAdministrativeExpenses": 721000000,
    "otherExpenses": 234000000,
    "operatingExpenses": 955000000,
    "costAndExpenses": 2649000000,
    "netInterestIncome": -142000000,
    "interestIncome": 0,
    "interestExpense": 142000000,
    "depreciationAndAmortization": 234000000,
    "ebitda": 5654000000,
    "ebit": 5420000000,
    "nonOperatingIncomeExcludingInterest": -84000000,
    "operatingIncome": 5336000000,
    "totalOtherIncomeExpensesNet": -58000000,
    "incomeBeforeTax": 5278000000,
    "incomeTaxExpense": 1021000000,
    "netIncomeFromContinuingOperations": 4257000000,
    "netIncomeFromDiscontinuedOperations": 0,
    "otherAdjustmentsToNetIncome": 0,
    "netIncome": 4257000000,
    "netIncomeDeductions": 0,
    "bottomLineNetIncome": 4257000000,
    "eps": 2.04,
    "epsDiluted": 2.03,
    "weightedAverageShsOut": 2093000000,
    "weightedAverageShsOutDil": 2093000000
  },
  {
    "date": "2022-12-31",
    "symbol": "V",
    "reportedCurrency": "USD",
    "cik": "0001403161",
    "filingDate": "2023-01-27",
    "acceptedDate": "2023-01-27 16:05:51",
    "fiscalYear": "2023",
    "period": "Q1",
    "revenue": 7936000000,
    "costOfRevenue": 1515000000,
    "grossProfit": 6421000000,
    "researchAndDevelopmentExpenses": 0,
    "generalAndAdministrativeExpenses": 431000000,
    "sellingAndMarketingExpenses": 332000000,
    "sellingGeneralAndAdministrativeExpenses": 763000000,
    "otherExpenses": 568000000,
    "operatingExpenses": 1331000000,
    "costAndExpenses": 2846000000,
    "netInterestIncome": -137000000,
    "interestIncome": 0,
    "interestExpense": 137000000,
    "depreciationAndAmortization": 227000000,
    "ebitda": 5341000000,
    "ebit": 5114000000,
    "nonOperatingIncomeExcludingInterest": -24000000,
    "operatingIncome": 5090000000,
    "totalOtherIncomeExpensesNet": -113000000,
    "incomeBeforeTax": 4977000000,
    "incomeTaxExpense": 798000000,
    "netIncomeFromContinuingOperations": 4179000000,
    "netIncomeFromDiscontinuedOperations": 0,
    "otherAdjustmentsToNetIncome": 0,
    "netIncome": 4179000000,
    "netIncomeDeductions": 0,
    "bottomLineNetIncome": 4179000000,
    "eps": 1.99,
    "epsDiluted": 1.99,
    "weightedAverageShsOut": 2102000000,
    "weightedAverageShsOutDil": 2102000000
  },
  {
    "date": "2022-09-30",
    "symbol": "V",
    "reportedCurrency": "USD",
    "cik": "0001403161",
    "filingDate": "2022-11-16",
    "acceptedDate": "2022-11-16 16:06:43",
    "fiscalYear": "2022",
    "period": "Q4",
    "revenue": 7787000000,
    "costOfRevenue": 1541000000,
    "grossProfit": 6246000000,
    "researchAndDevelopmentExpenses": 0,
    "generalAndAdministrativeExpenses": 501000000,
    "sellingAndMarketingExpenses": 429000000,
    "sellingGeneralAndAdministrativeExpenses": 930000000,
    "otherExpenses": 229000000,
    "operatingExpenses": 1159000000,
    "costAndExpenses": 2700000000,
    "netInterestIncome": -159000000,
    "interestIncome": 0,
    "interestExpense": 159000000,
    "depreciationAndAmortization": 226000000,
    "ebitda": 5253000000,
    "ebit": 5027000000,
    "nonOperatingIncomeExcludingInterest": 60000000,
    "operatingIncome": 5087000000,
    "totalOtherIncomeExpensesNet": -219000000,
    "incomeBeforeTax": 4868000000,
    "incomeTaxExpense": 928000000,
    "netIncomeFromContinuingOperations": 3940000000,
    "netIncomeFromDiscontinuedOperations": 0,
    "otherAdjustmentsToNetIncome": 0,
    "netIncome": 3940000000,
    "netIncomeDeductions": 0,
    "bottomLineNetIncome": 3940000000,
    "eps": 1.86,
    "epsDiluted": 1.86,
    "weightedAverageShsOut": 2116000000,
    "weightedAverageShsOutDil": 2116000000
  },
  {
    "date": "2022-06-30",
    "symbol": "V",
    "reportedCurrency": "USD",
    "cik": "0001403161",
    "filingDate": "2022-07-28",
    "acceptedDate": "2022-07-28 16:04:21",
    "fiscalYear": "2022",
    "period": "Q3",
    "revenue": 7275000000,
    "costOfRevenue": 1461000000,
    "grossProfit": 5814000000,
    "researchAndDevelopmentExpenses": 0,
    "generalAndAdministrativeExpenses": 406000000,
    "sellingAndMarketingExpenses": 313000000,
    "sellingGeneralAndAdministrativeExpenses": 719000000,
    "otherExpenses": 947000000,
    "operatingExpenses": 1666000000,
    "costAndExpenses": 3127000000,
    "netInterestIncome": -111000000,
    "interestIncome": 0,
    "interestExpense": 111000000,
    "depreciationAndAmortization": 230000000,
    "ebitda": 4170000000,
    "ebit": 3940000000,
    "nonOperatingIncomeExcludingInterest": 208000000,
    "operatingIncome": 4148000000,
    "totalOtherIncomeExpensesNet": -319000000,
    "incomeBeforeTax": 3829000000,
    "incomeTaxExpense": 418000000,
    "netIncomeFromContinuingOperations": 3411000000,
    "netIncomeFromDiscontinuedOperations": 0,
    "otherAdjustmentsToNetIncome": 0,
    "netIncome": 3411000000,
    "netIncomeDeductions": 0,
    "bottomLineNetIncome": 3411000000,
    "eps": 1.6,
    "epsDiluted": 1.6,
    "weightedAverageShsOut": 1897000000,
    "weightedAverageShsOutDil": 2129000000
  },
  {
    "date": "2022-03-31",
    "symbol": "V",
    "reportedCurrency": "USD",
    "cik": "0001403161",
    "filingDate": "2022-04-28",
    "acceptedDate": "2022-04-28 16:07:54",
    "fiscalYear": "2022",
    "period": "Q2",
    "revenue": 7189000000,
    "costOfRevenue": 1416000000,
    "grossProfit": 5773000000,
    "researchAndDevelopmentExpenses": 0,
    "generalAndAdministrativeExpenses": 450000000,
    "sellingAndMarketingExpenses": 314000000,
    "sellingGeneralAndAdministrativeExpenses": 764000000,
    "otherExpenses": 207000000,
    "operatingExpenses": 971000000,
    "costAndExpenses": 2387000000,
    "netInterestIncome": -134000000,
    "interestIncome": 0,
    "interestExpense": 134000000,
    "depreciationAndAmortization": 207000000,
    "ebitda": 4883000000,
    "ebit": 4676000000,
    "nonOperatingIncomeExcludingInterest": 126000000,
    "operatingIncome": 4802000000,
    "totalOtherIncomeExpensesNet": -260000000,
    "incomeBeforeTax": 4542000000,
    "incomeTaxExpense": 895000000,
    "netIncomeFromContinuingOperations": 3647000000,
    "netIncomeFromDiscontinuedOperations": 0,
    "otherAdjustmentsToNetIncome": 0,
    "netIncome": 3647000000,
    "netIncomeDeductions": 0,
    "bottomLineNetIncome": 3647000000,
    "eps": 1.7,
    "epsDiluted": 1.7,
    "weightedAverageShsOut": 2093301000,
    "weightedAverageShsOutDil": 2142000000
  },
  {
    "date": "2021-12-31",
    "symbol": "V",
    "reportedCurrency": "USD",
    "cik": "0001403161",
    "filingDate": "2022-01-28",
    "acceptedDate": "2022-01-28 16:06:16",
    "fiscalYear": "2022",
    "period": "Q1",
    "revenue": 7059000000,
    "costOfRevenue": 1315000000,
    "grossProfit": 5744000000,
    "researchAndDevelopmentExpenses": 0,
    "generalAndAdministrativeExpenses": 342000000,
    "sellingAndMarketingExpenses": 280000000,
    "sellingGeneralAndAdministrativeExpenses": 622000000,
    "otherExpenses": 346000000,
    "operatingExpenses": 968000000,
    "costAndExpenses": 2283000000,
    "netInterestIncome": -134000000,
    "interestIncome": 0,
    "interestExpense": 134000000,
    "depreciationAndAmortization": 198000000,
    "ebitda": 5229000000,
    "ebit": 5031000000,
    "nonOperatingIncomeExcludingInterest": -255000000,
    "operatingIncome": 4776000000,
    "totalOtherIncomeExpensesNet": 121000000,
    "incomeBeforeTax": 4897000000,
    "incomeTaxExpense": 938000000,
    "netIncomeFromContinuingOperations": 3959000000,
    "netIncomeFromDiscontinuedOperations": 0,
    "otherAdjustmentsToNetIncome": 0,
    "netIncome": 3959000000,
    "netIncomeDeductions": 0,
    "bottomLineNetIncome": 3959000000,
    "eps": 1.84,
    "epsDiluted": 1.83,
    "weightedAverageShsOut": 2106586000,
    "weightedAverageShsOutDil": 2159000000
  },
  {
    "date": "2021-09-30",
    "symbol": "V",
    "reportedCurrency": "USD",
    "cik": "0001403161",
    "filingDate": "2021-11-18",
    "acceptedDate": "2021-11-18 16:06:50",
    "fiscalYear": "2021",
    "period": "Q4",
    "revenue": 6559000000,
    "costOfRevenue": 1239000000,
    "grossProfit": 5320000000,
    "researchAndDevelopmentExpenses": 0,
    "generalAndAdministrativeExpenses": 345000000,
    "sellingAndMarketingExpenses": 457000000,
    "sellingGeneralAndAdministrativeExpenses": 802000000,
    "otherExpenses": 203000000,
    "operatingExpenses": 1005000000,
    "costAndExpenses": 2244000000,
    "netInterestIncome": -125000000,
    "interestIncome": 0,
    "interestExpense": 125000000,
    "depreciationAndAmortization": 202000000,
    "ebitda": 4625000000,
    "ebit": 4423000000,
    "nonOperatingIncomeExcludingInterest": -108000000,
    "operatingIncome": 4315000000,
    "totalOtherIncomeExpensesNet": -17000000,
    "incomeBeforeTax": 4298000000,
    "incomeTaxExpense": 714000000,
    "netIncomeFromContinuingOperations": 3584000000,
    "netIncomeFromDiscontinuedOperations": 0,
    "otherAdjustmentsToNetIncome": 0,
    "netIncome": 3584000000,
    "netIncomeDeductions": 0,
    "bottomLineNetIncome": 3584000000,
    "eps": 1.65,
    "epsDiluted": 1.65,
    "weightedAverageShsOut": 2124301000,
    "weightedAverageShsOutDil": 2175000000
  },
  {
    "date": "2021-06-30",
    "symbol": "V",
    "reportedCurrency": "USD",
    "cik": "0001403161",
    "filingDate": "2021-07-29",
    "acceptedDate": "2021-07-29 16:03:32",
    "fiscalYear": "2021",
    "period": "Q3",
    "revenue": 6130000000,
    "costOfRevenue": 1284000000,
    "grossProfit": 4846000000,
    "researchAndDevelopmentExpenses": 0,
    "generalAndAdministrativeExpenses": 312000000,
    "sellingAndMarketingExpenses": 268000000,
    "sellingGeneralAndAdministrativeExpenses": 580000000,
    "otherExpenses": 202000000,
    "operatingExpenses": 782000000,
    "costAndExpenses": 2066000000,
    "netInterestIncome": -131000000,
    "interestIncome": 0,
    "interestExpense": 131000000,
    "depreciationAndAmortization": 204000000,
    "ebitda": 4724000000,
    "ebit": 4520000000,
    "nonOperatingIncomeExcludingInterest": -456000000,
    "operatingIncome": 4064000000,
    "totalOtherIncomeExpensesNet": 325000000,
    "incomeBeforeTax": 4389000000,
    "incomeTaxExpense": 1814000000,
    "netIncomeFromContinuingOperations": 2575000000,
    "netIncomeFromDiscontinuedOperations": 0,
    "otherAdjustmentsToNetIncome": 0,
    "netIncome": 2575000000,
    "netIncomeDeductions": 0,
    "bottomLineNetIncome": 2575000000,
    "eps": 1.18,
    "epsDiluted": 1.18,
    "weightedAverageShsOut": 2128586000,
    "weightedAverageShsOutDil": 2184000000
  },
  {
    "date": "2021-03-31",
    "symbol": "V",
    "reportedCurrency": "USD",
    "cik": "0001403161",
    "filingDate": "2021-04-29",
    "acceptedDate": "2021-04-29 16:06:43",
    "fiscalYear": "2021",
    "period": "Q2",
    "revenue": 5729000000,
    "costOfRevenue": 1293000000,
    "grossProfit": 4436000000,
    "researchAndDevelopmentExpenses": 0,
    "generalAndAdministrativeExpenses": 445000000,
    "sellingAndMarketingExpenses": 206000000,
    "sellingGeneralAndAdministrativeExpenses": 651000000,
    "otherExpenses": 204000000,
    "operatingExpenses": 855000000,
    "costAndExpenses": 2148000000,
    "netInterestIncome": -121000000,
    "interestIncome": 0,
    "interestExpense": 121000000,
    "depreciationAndAmortization": 201000000,
    "ebitda": 3950000000,
    "ebit": 3749000000,
    "nonOperatingIncomeExcludingInterest": -168000000,
    "operatingIncome": 3581000000,
    "totalOtherIncomeExpensesNet": 47000000,
    "incomeBeforeTax": 3628000000,
    "incomeTaxExpense": 602000000,
    "netIncomeFromContinuingOperations": 3026000000,
    "netIncomeFromDiscontinuedOperations": 0,
    "otherAdjustmentsToNetIncome": 0,
    "netIncome": 3026000000,
    "netIncomeDeductions": 0,
    "bottomLineNetIncome": 3026000000,
    "eps": 1.38,
    "epsDiluted": 1.38,
    "weightedAverageShsOut": 2193000000,
    "weightedAverageShsOutDil": 2193000000
  },
  {
    "date": "2020-12-31",
    "symbol": "V",
    "reportedCurrency": "USD",
    "cik": "0001403161",
    "filingDate": "2021-01-29",
    "acceptedDate": "2021-01-29 16:02:28",
    "fiscalYear": "2021",
    "period": "Q1",
    "revenue": 5687000000,
    "costOfRevenue": 1154000000,
    "grossProfit": 4533000000,
    "researchAndDevelopmentExpenses": 0,
    "generalAndAdministrativeExpenses": 286000000,
    "sellingAndMarketingExpenses": 205000000,
    "sellingGeneralAndAdministrativeExpenses": 491000000,
    "otherExpenses": 198000000,
    "operatingExpenses": 689000000,
    "costAndExpenses": 1843000000,
    "netInterestIncome": -136000000,
    "interestIncome": 0,
    "interestExpense": 136000000,
    "depreciationAndAmortization": 197000000,
    "ebitda": 4081000000,
    "ebit": 3884000000,
    "nonOperatingIncomeExcludingInterest": -40000000,
    "operatingIncome": 3844000000,
    "totalOtherIncomeExpensesNet": -96000000,
    "incomeBeforeTax": 3748000000,
    "incomeTaxExpense": 622000000,
    "netIncomeFromContinuingOperations": 3126000000,
    "netIncomeFromDiscontinuedOperations": 0,
    "otherAdjustmentsToNetIncome": 0,
    "netIncome": 3126000000,
    "netIncomeDeductions": 0,
    "bottomLineNetIncome": 3126000000,
    "eps": 1.42,
    "epsDiluted": 1.42,
    "weightedAverageShsOut": 2135586000,
    "weightedAverageShsOutDil": 2200000000
  },
  {
    "date": "2020-09-30",
    "symbol": "V",
    "reportedCurrency": "USD",
    "cik": "0001403161",
    "filingDate": "2020-11-19",
    "acceptedDate": "2020-11-19 16:03:34",
    "fiscalYear": "2020",
    "period": "Q4",
    "revenue": 5101000000,
    "costOfRevenue": 1113000000,
    "grossProfit": 3988000000,
    "researchAndDevelopmentExpenses": 0,
    "generalAndAdministrativeExpenses": 360000000,
    "sellingAndMarketingExpenses": 288000000,
    "sellingGeneralAndAdministrativeExpenses": 648000000,
    "otherExpenses": 198000000,
    "operatingExpenses": 846000000,
    "costAndExpenses": 1959000000,
    "netInterestIncome": -145000000,
    "interestIncome": 0,
    "interestExpense": 145000000,
    "depreciationAndAmortization": 196000000,
    "ebitda": 3396000000,
    "ebit": 3200000000,
    "nonOperatingIncomeExcludingInterest": -58000000,
    "operatingIncome": 3142000000,
    "totalOtherIncomeExpensesNet": -87000000,
    "incomeBeforeTax": 3055000000,
    "incomeTaxExpense": 918000000,
    "netIncomeFromContinuingOperations": 2137000000,
    "netIncomeFromDiscontinuedOperations": 0,
    "otherAdjustmentsToNetIncome": 0,
    "netIncome": 2137000000,
    "netIncomeDeductions": 0,
    "bottomLineNetIncome": 2137000000,
    "eps": 0.97,
    "epsDiluted": 0.97,
    "weightedAverageShsOut": 2128301000,
    "weightedAverageShsOutDil": 2208000000
  },
  {
    "date": "2020-06-30",
    "symbol": "V",
    "reportedCurrency": "USD",
    "cik": "0001403161",
    "filingDate": "2020-07-31",
    "acceptedDate": "2020-07-30 21:38:58",
    "fiscalYear": "2020",
    "period": "Q3",
    "revenue": 4837000000,
    "costOfRevenue": 1113000000,
    "grossProfit": 3724000000,
    "researchAndDevelopmentExpenses": 0,
    "generalAndAdministrativeExpenses": 353000000,
    "sellingAndMarketingExpenses": 174000000,
    "sellingGeneralAndAdministrativeExpenses": 527000000,
    "otherExpenses": 198000000,
    "operatingExpenses": 725000000,
    "costAndExpenses": 1838000000,
    "netInterestIncome": -142000000,
    "interestIncome": 0,
    "interestExpense": 142000000,
    "depreciationAndAmortization": 197000000,
    "ebitda": 3271000000,
    "ebit": 3074000000,
    "nonOperatingIncomeExcludingInterest": -75000000,
    "operatingIncome": 2999000000,
    "totalOtherIncomeExpensesNet": -67000000,
    "incomeBeforeTax": 2932000000,
    "incomeTaxExpense": 559000000,
    "netIncomeFromContinuingOperations": 2373000000,
    "netIncomeFromDiscontinuedOperations": 0,
    "otherAdjustmentsToNetIncome": 0,
    "netIncome": 2373000000,
    "netIncomeDeductions": 0,
    "bottomLineNetIncome": 2288000000,
    "eps": 1.07,
    "epsDiluted": 1.07,
    "weightedAverageShsOut": 2214000000,
    "weightedAverageShsOutDil": 2214000000
  },
  {
    "date": "2020-03-31",
    "symbol": "V",
    "reportedCurrency": "USD",
    "cik": "0001403161",
    "filingDate": "2020-05-04",
    "acceptedDate": "2020-05-04 09:04:51",
    "fiscalYear": "2020",
    "period": "Q2",
    "revenue": 5854000000,
    "costOfRevenue": 1123000000,
    "grossProfit": 4731000000,
    "researchAndDevelopmentExpenses": 0,
    "generalAndAdministrativeExpenses": 372000000,
    "sellingAndMarketingExpenses": 235000000,
    "sellingGeneralAndAdministrativeExpenses": 607000000,
    "otherExpenses": 200000000,
    "operatingExpenses": 807000000,
    "costAndExpenses": 1930000000,
    "netInterestIncome": -118000000,
    "interestIncome": 0,
    "interestExpense": 118000000,
    "depreciationAndAmortization": 192000000,
    "ebitda": 4139000000,
    "ebit": 3947000000,
    "nonOperatingIncomeExcludingInterest": -23000000,
    "operatingIncome": 3924000000,
    "totalOtherIncomeExpensesNet": -95000000,
    "incomeBeforeTax": 3829000000,
    "incomeTaxExpense": 745000000,
    "netIncomeFromContinuingOperations": 3084000000,
    "netIncomeFromDiscontinuedOperations": 0,
    "otherAdjustmentsToNetIncome": 0,
    "netIncome": 3084000000,
    "netIncomeDeductions": 0,
    "bottomLineNetIncome": 2973000000,
    "eps": 1.39,
    "epsDiluted": 1.38,
    "weightedAverageShsOut": 2228000000,
    "weightedAverageShsOutDil": 2228000000
  },
  {
    "date": "2019-12-31",
    "symbol": "V",
    "reportedCurrency": "USD",
    "cik": "0001403161",
    "filingDate": "2020-01-31",
    "acceptedDate": "2020-01-31 16:06:01",
    "fiscalYear": "2020",
    "period": "Q1",
    "revenue": 6054000000,
    "costOfRevenue": 1163000000,
    "grossProfit": 4891000000,
    "researchAndDevelopmentExpenses": 0,
    "generalAndAdministrativeExpenses": 419000000,
    "sellingAndMarketingExpenses": 274000000,
    "sellingGeneralAndAdministrativeExpenses": 693000000,
    "otherExpenses": 182000000,
    "operatingExpenses": 875000000,
    "costAndExpenses": 2038000000,
    "netInterestIncome": -111000000,
    "interestIncome": 0,
    "interestExpense": 111000000,
    "depreciationAndAmortization": 182000000,
    "ebitda": 4267000000,
    "ebit": 4085000000,
    "nonOperatingIncomeExcludingInterest": -69000000,
    "operatingIncome": 4016000000,
    "totalOtherIncomeExpensesNet": -42000000,
    "incomeBeforeTax": 3974000000,
    "incomeTaxExpense": 702000000,
    "netIncomeFromContinuingOperations": 3272000000,
    "netIncomeFromDiscontinuedOperations": 0,
    "otherAdjustmentsToNetIncome": 0,
    "netIncome": 3272000000,
    "netIncomeDeductions": 0,
    "bottomLineNetIncome": 3272000000,
    "eps": 1.46,
    "epsDiluted": 1.46,
    "weightedAverageShsOut": 2154586000,
    "weightedAverageShsOutDil": 2240000000
  },
  {
    "date": "2019-09-30",
    "symbol": "V",
    "reportedCurrency": "USD",
    "cik": "0001403161",
    "filingDate": "2019-11-14",
    "acceptedDate": "2019-11-14 15:35:00",
    "fiscalYear": "2019",
    "period": "Q4",
    "revenue": 6137000000,
    "costOfRevenue": 1064000000,
    "grossProfit": 5073000000,
    "researchAndDevelopmentExpenses": 0,
    "generalAndAdministrativeExpenses": 490000000,
    "sellingAndMarketingExpenses": 306000000,
    "sellingGeneralAndAdministrativeExpenses": 796000000,
    "otherExpenses": 542000000,
    "operatingExpenses": 1338000000,
    "costAndExpenses": 2402000000,
    "netInterestIncome": -120000000,
    "interestIncome": 0,
    "interestExpense": 120000000,
    "depreciationAndAmortization": 172000000,
    "ebitda": 3987000000,
    "ebit": 3815000000,
    "nonOperatingIncomeExcludingInterest": -80000000,
    "operatingIncome": 3735000000,
    "totalOtherIncomeExpensesNet": -24000000,
    "incomeBeforeTax": 3711000000,
    "incomeTaxExpense": 686000000,
    "netIncomeFromContinuingOperations": 3025000000,
    "netIncomeFromDiscontinuedOperations": 0,
    "otherAdjustmentsToNetIncome": 0,
    "netIncome": 3025000000,
    "netIncomeDeductions": 0,
    "bottomLineNetIncome": 3025000000,
    "eps": 1.34,
    "epsDiluted": 1.34,
    "weightedAverageShsOut": 2167301000,
    "weightedAverageShsOutDil": 2253000000
  },
  {
    "date": "2019-06-30",
    "symbol": "V",
    "reportedCurrency": "USD",
    "cik": "0001403161",
    "filingDate": "2019-07-26",
    "acceptedDate": "2019-07-26 16:07:11",
    "fiscalYear": "2019",
    "period": "Q3",
    "revenue": 5840000000,
    "costOfRevenue": 1056000000,
    "grossProfit": 4784000000,
    "researchAndDevelopmentExpenses": 0,
    "generalAndAdministrativeExpenses": 428000000,
    "sellingAndMarketingExpenses": 282000000,
    "sellingGeneralAndAdministrativeExpenses": 710000000,
    "otherExpenses": 166000000,
    "operatingExpenses": 876000000,
    "costAndExpenses": 1932000000,
    "netInterestIncome": -128000000,
    "interestIncome": 0,
    "interestExpense": 128000000,
    "depreciationAndAmortization": 165000000,
    "ebitda": 4159000000,
    "ebit": 3994000000,
    "nonOperatingIncomeExcludingInterest": -86000000,
    "operatingIncome": 3908000000,
    "totalOtherIncomeExpensesNet": -42000000,
    "incomeBeforeTax": 3866000000,
    "incomeTaxExpense": 765000000,
    "netIncomeFromContinuingOperations": 3101000000,
    "netIncomeFromDiscontinuedOperations": 0,
    "otherAdjustmentsToNetIncome": 0,
    "netIncome": 3101000000,
    "netIncomeDeductions": 0,
    "bottomLineNetIncome": 3101000000,
    "eps": 1.37,
    "epsDiluted": 1.37,
    "weightedAverageShsOut": 2180000000,
    "weightedAverageShsOutDil": 2265000000
  },
  {
    "date": "2019-03-31",
    "symbol": "V",
    "reportedCurrency": "USD",
    "cik": "0001403161",
    "filingDate": "2019-04-26",
    "acceptedDate": "2019-04-26 16:06:57",
    "fiscalYear": "2019",
    "period": "Q2",
    "revenue": 5494000000,
    "costOfRevenue": 1065000000,
    "grossProfit": 4429000000,
    "researchAndDevelopmentExpenses": 0,
    "generalAndAdministrativeExpenses": 365000000,
    "sellingAndMarketingExpenses": 241000000,
    "sellingGeneralAndAdministrativeExpenses": 606000000,
    "otherExpenses": 182000000,
    "operatingExpenses": 788000000,
    "costAndExpenses": 1853000000,
    "netInterestIncome": -140000000,
    "interestIncome": 0,
    "interestExpense": 140000000,
    "depreciationAndAmortization": 160000000,
    "ebitda": 3977000000,
    "ebit": 3817000000,
    "nonOperatingIncomeExcludingInterest": -176000000,
    "operatingIncome": 3641000000,
    "totalOtherIncomeExpensesNet": 36000000,
    "incomeBeforeTax": 3677000000,
    "incomeTaxExpense": 700000000,
    "netIncomeFromContinuingOperations": 2977000000,
    "netIncomeFromDiscontinuedOperations": 0,
    "otherAdjustmentsToNetIncome": 0,
    "netIncome": 2977000000,
    "netIncomeDeductions": 0,
    "bottomLineNetIncome": 2977000000,
    "eps": 1.31,
    "epsDiluted": 1.31,
    "weightedAverageShsOut": 2195000000,
    "weightedAverageShsOutDil": 2279000000
  },
  {
    "date": "2018-12-31",
    "symbol": "V",
    "reportedCurrency": "USD",
    "cik": "0001403161",
    "filingDate": "2019-01-31",
    "acceptedDate": "2019-01-31 16:16:27",
    "fiscalYear": "2019",
    "period": "Q1",
    "revenue": 5506000000,
    "costOfRevenue": 980000000,
    "grossProfit": 4526000000,
    "researchAndDevelopmentExpenses": 0,
    "generalAndAdministrativeExpenses": 367000000,
    "sellingAndMarketingExpenses": 276000000,
    "sellingGeneralAndAdministrativeExpenses": 643000000,
    "otherExpenses": 166000000,
    "operatingExpenses": 809000000,
    "costAndExpenses": 1789000000,
    "netInterestIncome": -145000000,
    "interestIncome": 0,
    "interestExpense": 145000000,
    "depreciationAndAmortization": 159000000,
    "ebitda": 3883000000,
    "ebit": 3724000000,
    "nonOperatingIncomeExcludingInterest": -7000000,
    "operatingIncome": 3717000000,
    "totalOtherIncomeExpensesNet": -87000000,
    "incomeBeforeTax": 3630000000,
    "incomeTaxExpense": 653000000,
    "netIncomeFromContinuingOperations": 2977000000,
    "netIncomeFromDiscontinuedOperations": 0,
    "otherAdjustmentsToNetIncome": 0,
    "netIncome": 2977000000,
    "netIncomeDeductions": -105000000,
    "bottomLineNetIncome": 2977000000,
    "eps": 1.3,
    "epsDiluted": 1.3,
    "weightedAverageShsOut": 2205586000,
    "weightedAverageShsOutDil": 2291000000
  },
  {
    "date": "2018-09-30",
    "symbol": "V",
    "reportedCurrency": "USD",
    "cik": "0001403161",
    "filingDate": "2018-11-16",
    "acceptedDate": "2018-11-16 16:10:27",
    "fiscalYear": "2018",
    "period": "Q4",
    "revenue": 5434000000,
    "costOfRevenue": 1003000000,
    "grossProfit": 4431000000,
    "researchAndDevelopmentExpenses": 0,
    "generalAndAdministrativeExpenses": 591000000,
    "sellingAndMarketingExpenses": 264000000,
    "sellingGeneralAndAdministrativeExpenses": 855000000,
    "otherExpenses": 170000000,
    "operatingExpenses": 1025000000,
    "costAndExpenses": 2028000000,
    "netInterestIncome": -150000000,
    "interestIncome": 0,
    "interestExpense": 150000000,
    "depreciationAndAmortization": 163000000,
    "ebitda": 3851000000,
    "ebit": 3688000000,
    "nonOperatingIncomeExcludingInterest": -282000000,
    "operatingIncome": 3406000000,
    "totalOtherIncomeExpensesNet": 132000000,
    "incomeBeforeTax": 3538000000,
    "incomeTaxExpense": 693000000,
    "netIncomeFromContinuingOperations": 2845000000,
    "netIncomeFromDiscontinuedOperations": 0,
    "otherAdjustmentsToNetIncome": 0,
    "netIncome": 2845000000,
    "netIncomeDeductions": -101000000,
    "bottomLineNetIncome": 2845000000,
    "eps": 1.24,
    "epsDiluted": 1.23,
    "weightedAverageShsOut": 2221301000,
    "weightedAverageShsOutDil": 2306000000
  },
  {
    "date": "2018-06-30",
    "symbol": "V",
    "reportedCurrency": "USD",
    "cik": "0001403161",
    "filingDate": "2018-07-27",
    "acceptedDate": "2018-07-27 16:06:49",
    "fiscalYear": "2018",
    "period": "Q3",
    "revenue": 5240000000,
    "costOfRevenue": 1021000000,
    "grossProfit": 4219000000,
    "researchAndDevelopmentExpenses": 0,
    "generalAndAdministrativeExpenses": 342000000,
    "sellingAndMarketingExpenses": 240000000,
    "sellingGeneralAndAdministrativeExpenses": 582000000,
    "otherExpenses": 752000000,
    "operatingExpenses": 1334000000,
    "costAndExpenses": 2355000000,
    "netInterestIncome": -155000000,
    "interestIncome": 0,
    "interestExpense": 155000000,
    "depreciationAndAmortization": 152000000,
    "ebitda": 3119000000,
    "ebit": 2967000000,
    "nonOperatingIncomeExcludingInterest": -82000000,
    "operatingIncome": 2885000000,
    "totalOtherIncomeExpensesNet": -73000000,
    "incomeBeforeTax": 2812000000,
    "incomeTaxExpense": 483000000,
    "netIncomeFromContinuingOperations": 2329000000,
    "netIncomeFromDiscontinuedOperations": 0,
    "otherAdjustmentsToNetIncome": 0,
    "netIncome": 2329000000,
    "netIncomeDeductions": -81000000,
    "bottomLineNetIncome": 2329000000,
    "eps": 1,
    "epsDiluted": 1,
    "weightedAverageShsOut": 2231301000,
    "weightedAverageShsOutDil": 2321000000
  },
  {
    "date": "2018-03-31",
    "symbol": "V",
    "reportedCurrency": "USD",
    "cik": "0001403161",
    "filingDate": "2018-04-27",
    "acceptedDate": "2018-04-27 16:06:38",
    "fiscalYear": "2018",
    "period": "Q2",
    "revenue": 5073000000,
    "costOfRevenue": 993000000,
    "grossProfit": 4080000000,
    "researchAndDevelopmentExpenses": 0,
    "generalAndAdministrativeExpenses": 330000000,
    "sellingAndMarketingExpenses": 261000000,
    "sellingGeneralAndAdministrativeExpenses": 591000000,
    "otherExpenses": 153000000,
    "operatingExpenses": 744000000,
    "costAndExpenses": 1737000000,
    "netInterestIncome": -153000000,
    "interestIncome": 0,
    "interestExpense": 153000000,
    "depreciationAndAmortization": 153000000,
    "ebitda": 3489000000,
    "ebit": 3336000000,
    "nonOperatingIncomeExcludingInterest": 0,
    "operatingIncome": 3336000000,
    "totalOtherIncomeExpensesNet": -119000000,
    "incomeBeforeTax": 3217000000,
    "incomeTaxExpense": 612000000,
    "netIncomeFromContinuingOperations": 2605000000,
    "netIncomeFromDiscontinuedOperations": 0,
    "otherAdjustmentsToNetIncome": 0,
    "netIncome": 2605000000,
    "netIncomeDeductions": -91000000,
    "bottomLineNetIncome": 2605000000,
    "eps": 1.12,
    "epsDiluted": 1.11,
    "weightedAverageShsOut": 2245300000,
    "weightedAverageShsOutDil": 2337000000
  },
  {
    "date": "2017-12-31",
    "symbol": "V",
    "reportedCurrency": "USD",
    "cik": "0001403161",
    "filingDate": "2018-02-01",
    "acceptedDate": "2018-02-01 16:15:13",
    "fiscalYear": "2018",
    "period": "Q1",
    "revenue": 4862000000,
    "costOfRevenue": 839000000,
    "grossProfit": 4023000000,
    "researchAndDevelopmentExpenses": 0,
    "generalAndAdministrativeExpenses": 328000000,
    "sellingAndMarketingExpenses": 223000000,
    "sellingGeneralAndAdministrativeExpenses": 551000000,
    "otherExpenses": 145000000,
    "operatingExpenses": 696000000,
    "costAndExpenses": 1535000000,
    "netInterestIncome": -154000000,
    "interestIncome": 0,
    "interestExpense": 154000000,
    "depreciationAndAmortization": 145000000,
    "ebitda": 3538000000,
    "ebit": 3393000000,
    "nonOperatingIncomeExcludingInterest": -66000000,
    "operatingIncome": 3327000000,
    "totalOtherIncomeExpensesNet": -88000000,
    "incomeBeforeTax": 3239000000,
    "incomeTaxExpense": 717000000,
    "netIncomeFromContinuingOperations": 2522000000,
    "netIncomeFromDiscontinuedOperations": 0,
    "otherAdjustmentsToNetIncome": 0,
    "netIncome": 2522000000,
    "netIncomeDeductions": -88000000,
    "bottomLineNetIncome": 2522000000,
    "eps": 1.07,
    "epsDiluted": 1.07,
    "weightedAverageShsOut": 2267000000,
    "weightedAverageShsOutDil": 2353000000
  },
  {
    "date": "2017-09-30",
    "symbol": "V",
    "reportedCurrency": "USD",
    "cik": "0001403161",
    "filingDate": "2017-11-17",
    "acceptedDate": "2017-11-16 20:07:25",
    "fiscalYear": "2017",
    "period": "Q4",
    "revenue": 4855000000,
    "costOfRevenue": 822000000,
    "grossProfit": 4033000000,
    "researchAndDevelopmentExpenses": 0,
    "generalAndAdministrativeExpenses": 382000000,
    "sellingAndMarketingExpenses": 290000000,
    "sellingGeneralAndAdministrativeExpenses": 672000000,
    "otherExpenses": 149000000,
    "operatingExpenses": 821000000,
    "costAndExpenses": 1643000000,
    "netInterestIncome": -148000000,
    "interestIncome": 0,
    "interestExpense": 148000000,
    "depreciationAndAmortization": 147000000,
    "ebitda": 3394000000,
    "ebit": 3247000000,
    "nonOperatingIncomeExcludingInterest": -35000000,
    "operatingIncome": 3212000000,
    "totalOtherIncomeExpensesNet": -113000000,
    "incomeBeforeTax": 3099000000,
    "incomeTaxExpense": 959000000,
    "netIncomeFromContinuingOperations": 2140000000,
    "netIncomeFromDiscontinuedOperations": 0,
    "otherAdjustmentsToNetIncome": 0,
    "netIncome": 2140000000,
    "netIncomeDeductions": -75000000,
    "bottomLineNetIncome": 2140000000,
    "eps": 0.91,
    "epsDiluted": 0.9,
    "weightedAverageShsOut": 2281000000,
    "weightedAverageShsOutDil": 2368000000
  },
  {
    "date": "2017-06-30",
    "symbol": "V",
    "reportedCurrency": "USD",
    "cik": "0001403161",
    "filingDate": "2017-07-20",
    "acceptedDate": "2017-07-20 16:12:42",
    "fiscalYear": "2017",
    "period": "Q3",
    "revenue": 4565000000,
    "costOfRevenue": 856000000,
    "grossProfit": 3709000000,
    "researchAndDevelopmentExpenses": 0,
    "generalAndAdministrativeExpenses": 332000000,
    "sellingAndMarketingExpenses": 221000000,
    "sellingGeneralAndAdministrativeExpenses": 553000000,
    "otherExpenses": 132000000,
    "operatingExpenses": 685000000,
    "costAndExpenses": 1541000000,
    "netInterestIncome": -140000000,
    "interestIncome": 0,
    "interestExpense": 140000000,
    "depreciationAndAmortization": 132000000,
    "ebitda": 3186000000,
    "ebit": 3054000000,
    "nonOperatingIncomeExcludingInterest": -30000000,
    "operatingIncome": 3024000000,
    "totalOtherIncomeExpensesNet": -110000000,
    "incomeBeforeTax": 2914000000,
    "incomeTaxExpense": 855000000,
    "netIncomeFromContinuingOperations": 2059000000,
    "netIncomeFromDiscontinuedOperations": 0,
    "otherAdjustmentsToNetIncome": 0,
    "netIncome": 2059000000,
    "netIncomeDeductions": -71000000,
    "bottomLineNetIncome": 2059000000,
    "eps": 0.87,
    "epsDiluted": 0.86,
    "weightedAverageShsOut": 2296000000,
    "weightedAverageShsOutDil": 2385000000
  },
  {
    "date": "2017-03-31",
    "symbol": "V",
    "reportedCurrency": "USD",
    "cik": "0001403161",
    "filingDate": "2017-04-21",
    "acceptedDate": "2017-04-21 08:25:29",
    "fiscalYear": "2017",
    "period": "Q2",
    "revenue": 4477000000,
    "costOfRevenue": 854000000,
    "grossProfit": 3623000000,
    "researchAndDevelopmentExpenses": 0,
    "generalAndAdministrativeExpenses": 489000000,
    "sellingAndMarketingExpenses": 193000000,
    "sellingGeneralAndAdministrativeExpenses": 682000000,
    "otherExpenses": 133000000,
    "operatingExpenses": 815000000,
    "costAndExpenses": 1669000000,
    "netInterestIncome": -135000000,
    "interestIncome": 0,
    "interestExpense": 135000000,
    "depreciationAndAmortization": 131000000,
    "ebitda": 2968000000,
    "ebit": 2837000000,
    "nonOperatingIncomeExcludingInterest": -29000000,
    "operatingIncome": 2808000000,
    "totalOtherIncomeExpensesNet": -106000000,
    "incomeBeforeTax": 2702000000,
    "incomeTaxExpense": 2272000000,
    "netIncomeFromContinuingOperations": 430000000,
    "netIncomeFromDiscontinuedOperations": 0,
    "otherAdjustmentsToNetIncome": 0,
    "netIncome": 430000000,
    "netIncomeDeductions": -15000000,
    "bottomLineNetIncome": 430000000,
    "eps": 0.18,
    "epsDiluted": 0.18,
    "weightedAverageShsOut": 2318000000,
    "weightedAverageShsOutDil": 2406000000
  },
  {
    "date": "2016-12-31",
    "symbol": "V",
    "reportedCurrency": "USD",
    "cik": "0001403161",
    "filingDate": "2017-02-02",
    "acceptedDate": "2017-02-02 16:13:41",
    "fiscalYear": "2017",
    "period": "Q1",
    "revenue": 4461000000,
    "costOfRevenue": 716000000,
    "grossProfit": 3745000000,
    "researchAndDevelopmentExpenses": 0,
    "generalAndAdministrativeExpenses": 266000000,
    "sellingAndMarketingExpenses": 218000000,
    "sellingGeneralAndAdministrativeExpenses": 484000000,
    "otherExpenses": 161000000,
    "operatingExpenses": 645000000,
    "costAndExpenses": 1361000000,
    "netInterestIncome": -140000000,
    "interestIncome": 0,
    "interestExpense": 140000000,
    "depreciationAndAmortization": 146000000,
    "ebitda": 3265000000,
    "ebit": 3119000000,
    "nonOperatingIncomeExcludingInterest": -19000000,
    "operatingIncome": 3100000000,
    "totalOtherIncomeExpensesNet": -121000000,
    "incomeBeforeTax": 2979000000,
    "incomeTaxExpense": 909000000,
    "netIncomeFromContinuingOperations": 2070000000,
    "netIncomeFromDiscontinuedOperations": 0,
    "otherAdjustmentsToNetIncome": 0,
    "netIncome": 2070000000,
    "netIncomeDeductions": -72000000,
    "bottomLineNetIncome": 2070000000,
    "eps": 0.86,
    "epsDiluted": 0.86,
    "weightedAverageShsOut": 2332000000,
    "weightedAverageShsOutDil": 2421000000
  },
  {
    "date": "2016-09-30",
    "symbol": "V",
    "reportedCurrency": "USD",
    "cik": "0001403161",
    "filingDate": "2016-11-15",
    "acceptedDate": "2016-11-15 16:44:02",
    "fiscalYear": "2016",
    "period": "Q4",
    "revenue": 4261000000,
    "costOfRevenue": 851000000,
    "grossProfit": 3410000000,
    "researchAndDevelopmentExpenses": 0,
    "generalAndAdministrativeExpenses": 343000000,
    "sellingAndMarketingExpenses": 300000000,
    "sellingGeneralAndAdministrativeExpenses": 643000000,
    "otherExpenses": 142000000,
    "operatingExpenses": 785000000,
    "costAndExpenses": 1636000000,
    "netInterestIncome": -135000000,
    "interestIncome": 0,
    "interestExpense": 135000000,
    "depreciationAndAmortization": 141000000,
    "ebitda": 2786000000,
    "ebit": 2645000000,
    "nonOperatingIncomeExcludingInterest": -20000000,
    "operatingIncome": 2625000000,
    "totalOtherIncomeExpensesNet": -115000000,
    "incomeBeforeTax": 2510000000,
    "incomeTaxExpense": 579000000,
    "netIncomeFromContinuingOperations": 1931000000,
    "netIncomeFromDiscontinuedOperations": 0,
    "otherAdjustmentsToNetIncome": 0,
    "netIncome": 1931000000,
    "netIncomeDeductions": -53000000,
    "bottomLineNetIncome": 1931000000,
    "eps": 0.79,
    "epsDiluted": 0.79,
    "weightedAverageShsOut": 2350000000,
    "weightedAverageShsOutDil": 2440000000
  },
  {
    "date": "2016-06-30",
    "symbol": "V",
    "reportedCurrency": "USD",
    "cik": "0001403161",
    "filingDate": "2016-07-25",
    "acceptedDate": "2016-07-25 16:14:07",
    "fiscalYear": "2016",
    "period": "Q3",
    "revenue": 3630000000,
    "costOfRevenue": 632000000,
    "grossProfit": 2998000000,
    "researchAndDevelopmentExpenses": 0,
    "generalAndAdministrativeExpenses": 384000000,
    "sellingAndMarketingExpenses": 189000000,
    "sellingGeneralAndAdministrativeExpenses": 573000000,
    "otherExpenses": 1997000000,
    "operatingExpenses": 2570000000,
    "costAndExpenses": 3202000000,
    "netInterestIncome": -131000000,
    "interestIncome": 0,
    "interestExpense": 131000000,
    "depreciationAndAmortization": 120000000,
    "ebitda": 673000000,
    "ebit": 553000000,
    "nonOperatingIncomeExcludingInterest": -125000000,
    "operatingIncome": 428000000,
    "totalOtherIncomeExpensesNet": -6000000,
    "incomeBeforeTax": 422000000,
    "incomeTaxExpense": 10000000,
    "netIncomeFromContinuingOperations": 412000000,
    "netIncomeFromDiscontinuedOperations": 0,
    "otherAdjustmentsToNetIncome": 0,
    "netIncome": 412000000,
    "netIncomeDeductions": -1000000,
    "bottomLineNetIncome": 412000000,
    "eps": 0.17,
    "epsDiluted": 0.17,
    "weightedAverageShsOut": 2375000000,
    "weightedAverageShsOutDil": 2386000000
  },
  {
    "date": "2016-03-31",
    "symbol": "V",
    "reportedCurrency": "USD",
    "cik": "0001403161",
    "filingDate": "2016-04-25",
    "acceptedDate": "2016-04-25 16:19:11",
    "fiscalYear": "2016",
    "period": "Q2",
    "revenue": 3626000000,
    "costOfRevenue": 654000000,
    "grossProfit": 2972000000,
    "researchAndDevelopmentExpenses": 0,
    "generalAndAdministrativeExpenses": 230000000,
    "sellingAndMarketingExpenses": 186000000,
    "sellingGeneralAndAdministrativeExpenses": 416000000,
    "otherExpenses": 122000000,
    "operatingExpenses": 538000000,
    "costAndExpenses": 1192000000,
    "netInterestIncome": -132000000,
    "interestIncome": 0,
    "interestExpense": 132000000,
    "depreciationAndAmortization": 121000000,
    "ebitda": 2694000000,
    "ebit": 2573000000,
    "nonOperatingIncomeExcludingInterest": -139000000,
    "operatingIncome": 2434000000,
    "totalOtherIncomeExpensesNet": 7000000,
    "incomeBeforeTax": 2441000000,
    "incomeTaxExpense": 734000000,
    "netIncomeFromContinuingOperations": 1707000000,
    "netIncomeFromDiscontinuedOperations": 0,
    "otherAdjustmentsToNetIncome": 0,
    "netIncome": 1707000000,
    "netIncomeDeductions": -4000000,
    "bottomLineNetIncome": 1707000000,
    "eps": 0.71,
    "epsDiluted": 0.71,
    "weightedAverageShsOut": 2389000000,
    "weightedAverageShsOutDil": 2401000000
  },
  {
    "date": "2015-12-31",
    "symbol": "V",
    "reportedCurrency": "USD",
    "cik": "0001403161",
    "filingDate": "2016-01-28",
    "acceptedDate": "2016-01-28 16:17:17",
    "fiscalYear": "2016",
    "period": "Q1",
    "revenue": 3565000000,
    "costOfRevenue": 627000000,
    "grossProfit": 2938000000,
    "researchAndDevelopmentExpenses": 0,
    "generalAndAdministrativeExpenses": 228000000,
    "sellingAndMarketingExpenses": 194000000,
    "sellingGeneralAndAdministrativeExpenses": 422000000,
    "otherExpenses": 120000000,
    "operatingExpenses": 542000000,
    "costAndExpenses": 1169000000,
    "netInterestIncome": -29000000,
    "interestIncome": 0,
    "interestExpense": 29000000,
    "depreciationAndAmortization": 120000000,
    "ebitda": 2788000000,
    "ebit": 2668000000,
    "nonOperatingIncomeExcludingInterest": -272000000,
    "operatingIncome": 2396000000,
    "totalOtherIncomeExpensesNet": 243000000,
    "incomeBeforeTax": 2639000000,
    "incomeTaxExpense": 698000000,
    "netIncomeFromContinuingOperations": 1941000000,
    "netIncomeFromDiscontinuedOperations": 0,
    "otherAdjustmentsToNetIncome": 0,
    "netIncome": 1941000000,
    "netIncomeDeductions": -4000000,
    "bottomLineNetIncome": 1941000000,
    "eps": 0.8,
    "epsDiluted": 0.8,
    "weightedAverageShsOut": 2421000000,
    "weightedAverageShsOutDil": 2430000000
  },
  {
    "date": "2015-09-30",
    "symbol": "V",
    "reportedCurrency": "USD",
    "cik": "0001403161",
    "filingDate": "2015-11-20",
    "acceptedDate": "2015-11-19 18:24:51",
    "fiscalYear": "2015",
    "period": "Q4",
    "revenue": 3571000000,
    "costOfRevenue": 655000000,
    "grossProfit": 2916000000,
    "researchAndDevelopmentExpenses": 0,
    "generalAndAdministrativeExpenses": 250000000,
    "sellingAndMarketingExpenses": 253000000,
    "sellingGeneralAndAdministrativeExpenses": 503000000,
    "otherExpenses": 130000000,
    "operatingExpenses": 633000000,
    "costAndExpenses": 1288000000,
    "netInterestIncome": 0,
    "interestIncome": 0,
    "interestExpense": 0,
    "depreciationAndAmortization": 119000000,
    "ebitda": 2413000000,
    "ebit": 2294000000,
    "nonOperatingIncomeExcludingInterest": -11000000,
    "operatingIncome": 2283000000,
    "totalOtherIncomeExpensesNet": 0,
    "incomeBeforeTax": 2283000000,
    "incomeTaxExpense": 771000000,
    "netIncomeFromContinuingOperations": 1512000000,
    "netIncomeFromDiscontinuedOperations": 0,
    "otherAdjustmentsToNetIncome": 0,
    "netIncome": 1512000000,
    "netIncomeDeductions": -3000000,
    "bottomLineNetIncome": 1512000000,
    "eps": 0.62,
    "epsDiluted": 0.62,
    "weightedAverageShsOut": 2428000000,
    "weightedAverageShsOutDil": 2440000000
  },
  {
    "date": "2015-06-30",
    "symbol": "V",
    "reportedCurrency": "USD",
    "cik": "0001403161",
    "filingDate": "2015-07-23",
    "acceptedDate": "2015-07-23 16:21:36",
    "fiscalYear": "2015",
    "period": "Q3",
    "revenue": 3518000000,
    "costOfRevenue": 683000000,
    "grossProfit": 2835000000,
    "researchAndDevelopmentExpenses": 0,
    "generalAndAdministrativeExpenses": 219000000,
    "sellingAndMarketingExpenses": 224000000,
    "sellingGeneralAndAdministrativeExpenses": 443000000,
    "otherExpenses": 130000000,
    "operatingExpenses": 573000000,
    "costAndExpenses": 1256000000,
    "netInterestIncome": 8000000,
    "interestIncome": 8000000,
    "interestExpense": 0,
    "depreciationAndAmortization": 130000000,
    "ebitda": 2392000000,
    "ebit": 2262000000,
    "nonOperatingIncomeExcludingInterest": 0,
    "operatingIncome": 2262000000,
    "totalOtherIncomeExpensesNet": -94000000,
    "incomeBeforeTax": 2168000000,
    "incomeTaxExpense": 471000000,
    "netIncomeFromContinuingOperations": 1697000000,
    "netIncomeFromDiscontinuedOperations": 0,
    "otherAdjustmentsToNetIncome": 0,
    "netIncome": 1697000000,
    "netIncomeDeductions": -4000000,
    "bottomLineNetIncome": 1697000000,
    "eps": 0.69,
    "epsDiluted": 0.69,
    "weightedAverageShsOut": 2439000000,
    "weightedAverageShsOutDil": 2448000000
  },
  {
    "date": "2015-03-31",
    "symbol": "V",
    "reportedCurrency": "USD",
    "cik": "0001403161",
    "filingDate": "2015-04-30",
    "acceptedDate": "2015-04-30 16:25:20",
    "fiscalYear": "2015",
    "period": "Q2",
    "revenue": 3409000000,
    "costOfRevenue": 592000000,
    "grossProfit": 2817000000,
    "researchAndDevelopmentExpenses": 0,
    "generalAndAdministrativeExpenses": 218000000,
    "sellingAndMarketingExpenses": 190000000,
    "sellingGeneralAndAdministrativeExpenses": 408000000,
    "otherExpenses": 128000000,
    "operatingExpenses": 536000000,
    "costAndExpenses": 1128000000,
    "netInterestIncome": -7000000,
    "interestIncome": 0,
    "interestExpense": 7000000,
    "depreciationAndAmortization": 125000000,
    "ebitda": 2414000000,
    "ebit": 2289000000,
    "nonOperatingIncomeExcludingInterest": -8000000,
    "operatingIncome": 2281000000,
    "totalOtherIncomeExpensesNet": 1000000,
    "incomeBeforeTax": 2282000000,
    "incomeTaxExpense": 732000000,
    "netIncomeFromContinuingOperations": 1550000000,
    "netIncomeFromDiscontinuedOperations": 0,
    "otherAdjustmentsToNetIncome": 0,
    "netIncome": 1550000000,
    "netIncomeDeductions": 0,
    "bottomLineNetIncome": 1550000000,
    "eps": 0.63,
    "epsDiluted": 0.63,
    "weightedAverageShsOut": 2447000000,
    "weightedAverageShsOutDil": 2460000000
  },
  {
    "date": "2014-12-31",
    "symbol": "V",
    "reportedCurrency": "USD",
    "cik": "0001403161",
    "filingDate": "2015-01-29",
    "acceptedDate": "2015-01-29 16:17:49",
    "fiscalYear": "2015",
    "period": "Q1",
    "revenue": 3382000000,
    "costOfRevenue": 623000000,
    "grossProfit": 2759000000,
    "researchAndDevelopmentExpenses": 0,
    "generalAndAdministrativeExpenses": 196000000,
    "sellingAndMarketingExpenses": 205000000,
    "sellingGeneralAndAdministrativeExpenses": 401000000,
    "otherExpenses": 120000000,
    "operatingExpenses": 521000000,
    "costAndExpenses": 1144000000,
    "netInterestIncome": -3000000,
    "interestIncome": 0,
    "interestExpense": 3000000,
    "depreciationAndAmortization": 120000000,
    "ebitda": 2385000000,
    "ebit": 2265000000,
    "nonOperatingIncomeExcludingInterest": -27000000,
    "operatingIncome": 2238000000,
    "totalOtherIncomeExpensesNet": 24000000,
    "incomeBeforeTax": 2262000000,
    "incomeTaxExpense": 693000000,
    "netIncomeFromContinuingOperations": 1569000000,
    "netIncomeFromDiscontinuedOperations": 0,
    "otherAdjustmentsToNetIncome": 0,
    "netIncome": 1569000000,
    "netIncomeDeductions": -4000000,
    "bottomLineNetIncome": 1569000000,
    "eps": 0.63,
    "epsDiluted": 0.63,
    "weightedAverageShsOut": 2466000000,
    "weightedAverageShsOutDil": 2478000000
  },
  {
    "date": "2014-09-30",
    "symbol": "V",
    "reportedCurrency": "USD",
    "cik": "0001403161",
    "filingDate": "2014-11-21",
    "acceptedDate": "2014-11-20 18:57:50",
    "fiscalYear": "2014",
    "period": "Q4",
    "revenue": 3229000000,
    "costOfRevenue": 624000000,
    "grossProfit": 2605000000,
    "researchAndDevelopmentExpenses": 0,
    "generalAndAdministrativeExpenses": 247000000,
    "sellingAndMarketingExpenses": 241000000,
    "sellingGeneralAndAdministrativeExpenses": 488000000,
    "otherExpenses": 565000000,
    "operatingExpenses": 1053000000,
    "costAndExpenses": 1677000000,
    "netInterestIncome": 0,
    "interestIncome": 0,
    "interestExpense": 0,
    "depreciationAndAmortization": 112000000,
    "ebitda": 2117000000,
    "ebit": 2005000000,
    "nonOperatingIncomeExcludingInterest": -453000000,
    "operatingIncome": 1552000000,
    "totalOtherIncomeExpensesNet": -2000000,
    "incomeBeforeTax": 1550000000,
    "incomeTaxExpense": 477000000,
    "netIncomeFromContinuingOperations": 1073000000,
    "netIncomeFromDiscontinuedOperations": 0,
    "otherAdjustmentsToNetIncome": 0,
    "netIncome": 1073000000,
    "netIncomeDeductions": -4000000,
    "bottomLineNetIncome": 1073000000,
    "eps": 0.43,
    "epsDiluted": 0.43,
    "weightedAverageShsOut": 2476000000,
    "weightedAverageShsOutDil": 2492000000
  },
  {
    "date": "2014-06-30",
    "symbol": "V",
    "reportedCurrency": "USD",
    "cik": "0001403161",
    "filingDate": "2014-07-24",
    "acceptedDate": "2014-07-24 16:22:20",
    "fiscalYear": "2014",
    "period": "Q3",
    "revenue": 3155000000,
    "costOfRevenue": 590000000,
    "grossProfit": 2565000000,
    "researchAndDevelopmentExpenses": 0,
    "generalAndAdministrativeExpenses": 208000000,
    "sellingAndMarketingExpenses": 228000000,
    "sellingGeneralAndAdministrativeExpenses": 436000000,
    "otherExpenses": 109000000,
    "operatingExpenses": 545000000,
    "costAndExpenses": 1135000000,
    "netInterestIncome": 0,
    "interestIncome": 0,
    "interestExpense": 0,
    "depreciationAndAmortization": 109000000,
    "ebitda": 2129000000,
    "ebit": 2020000000,
    "nonOperatingIncomeExcludingInterest": 0,
    "operatingIncome": 2020000000,
    "totalOtherIncomeExpensesNet": 10000000,
    "incomeBeforeTax": 2030000000,
    "incomeTaxExpense": 670000000,
    "netIncomeFromContinuingOperations": 1360000000,
    "netIncomeFromDiscontinuedOperations": 0,
    "otherAdjustmentsToNetIncome": 0,
    "netIncome": 1360000000,
    "netIncomeDeductions": -4000000,
    "bottomLineNetIncome": 1360000000,
    "eps": 0.54,
    "epsDiluted": 0.54,
    "weightedAverageShsOut": 2490000000,
    "weightedAverageShsOutDil": 2511000000
  },
  {
    "date": "2014-03-31",
    "symbol": "V",
    "reportedCurrency": "USD",
    "cik": "0001403161",
    "filingDate": "2014-04-24",
    "acceptedDate": "2014-04-24 16:20:41",
    "fiscalYear": "2014",
    "period": "Q2",
    "revenue": 3163000000,
    "costOfRevenue": 566000000,
    "grossProfit": 2597000000,
    "researchAndDevelopmentExpenses": 0,
    "generalAndAdministrativeExpenses": 197000000,
    "sellingAndMarketingExpenses": 245000000,
    "sellingGeneralAndAdministrativeExpenses": 442000000,
    "otherExpenses": 107000000,
    "operatingExpenses": 549000000,
    "costAndExpenses": 1115000000,
    "netInterestIncome": 0,
    "interestIncome": 0,
    "interestExpense": 0,
    "depreciationAndAmortization": 107000000,
    "ebitda": 2155000000,
    "ebit": 2048000000,
    "nonOperatingIncomeExcludingInterest": 0,
    "operatingIncome": 2048000000,
    "totalOtherIncomeExpensesNet": 13000000,
    "incomeBeforeTax": 2061000000,
    "incomeTaxExpense": 463000000,
    "netIncomeFromContinuingOperations": 1598000000,
    "netIncomeFromDiscontinuedOperations": 0,
    "otherAdjustmentsToNetIncome": 0,
    "netIncome": 1598000000,
    "netIncomeDeductions": -5000000,
    "bottomLineNetIncome": 1598000000,
    "eps": 0.63,
    "epsDiluted": 0.63,
    "weightedAverageShsOut": 2511000000,
    "weightedAverageShsOutDil": 2534000000
  },
  {
    "date": "2013-12-31",
    "symbol": "V",
    "reportedCurrency": "USD",
    "cik": "0001403161",
    "filingDate": "2014-01-30",
    "acceptedDate": "2014-01-30 07:21:45",
    "fiscalYear": "2014",
    "period": "Q1",
    "revenue": 3155000000,
    "costOfRevenue": 602000000,
    "grossProfit": 2553000000,
    "researchAndDevelopmentExpenses": 0,
    "generalAndAdministrativeExpenses": 183000000,
    "sellingAndMarketingExpenses": 186000000,
    "sellingGeneralAndAdministrativeExpenses": 369000000,
    "otherExpenses": 107000000,
    "operatingExpenses": 476000000,
    "costAndExpenses": 1078000000,
    "netInterestIncome": 0,
    "interestIncome": 0,
    "interestExpense": 0,
    "depreciationAndAmortization": 107000000,
    "ebitda": 2184000000,
    "ebit": 2077000000,
    "nonOperatingIncomeExcludingInterest": 0,
    "operatingIncome": 2077000000,
    "totalOtherIncomeExpensesNet": 6000000,
    "incomeBeforeTax": 2083000000,
    "incomeTaxExpense": 676000000,
    "netIncomeFromContinuingOperations": 1407000000,
    "netIncomeFromDiscontinuedOperations": 0,
    "otherAdjustmentsToNetIncome": 0,
    "netIncome": 1407000000,
    "netIncomeDeductions": -5000000,
    "bottomLineNetIncome": 1407000000,
    "eps": 0.55,
    "epsDiluted": 0.55,
    "weightedAverageShsOut": 2532000000,
    "weightedAverageShsOutDil": 2556000000
  },
  {
    "date": "2013-09-30",
    "symbol": "V",
    "reportedCurrency": "USD",
    "cik": "0001403161",
    "filingDate": "2013-11-22",
    "acceptedDate": "2013-11-21 19:53:37",
    "fiscalYear": "2013",
    "period": "Q4",
    "revenue": 2973000000,
    "costOfRevenue": 621000000,
    "grossProfit": 2352000000,
    "researchAndDevelopmentExpenses": 0,
    "generalAndAdministrativeExpenses": 259000000,
    "sellingAndMarketingExpenses": 236000000,
    "sellingGeneralAndAdministrativeExpenses": 495000000,
    "otherExpenses": 106000000,
    "operatingExpenses": 601000000,
    "costAndExpenses": 1222000000,
    "netInterestIncome": 0,
    "interestIncome": 0,
    "interestExpense": 0,
    "depreciationAndAmortization": 106000000,
    "ebitda": 1857000000,
    "ebit": 1751000000,
    "nonOperatingIncomeExcludingInterest": 0,
    "operatingIncome": 1751000000,
    "totalOtherIncomeExpensesNet": 15000000,
    "incomeBeforeTax": 1766000000,
    "incomeTaxExpense": 574000000,
    "netIncomeFromContinuingOperations": 1192000000,
    "netIncomeFromDiscontinuedOperations": 0,
    "otherAdjustmentsToNetIncome": 0,
    "netIncome": 1192000000,
    "netIncomeDeductions": -5000000,
    "bottomLineNetIncome": 1192000000,
    "eps": 0.47,
    "epsDiluted": 0.46,
    "weightedAverageShsOut": 2556000000,
    "weightedAverageShsOutDil": 2576000000
  },
  {
    "date": "2013-06-30",
    "symbol": "V",
    "reportedCurrency": "USD",
    "cik": "0001403161",
    "filingDate": "2013-07-24",
    "acceptedDate": "2013-07-24 16:25:21",
    "fiscalYear": "2013",
    "period": "Q3",
    "revenue": 3001000000,
    "costOfRevenue": 610000000,
    "grossProfit": 2391000000,
    "researchAndDevelopmentExpenses": 0,
    "generalAndAdministrativeExpenses": 211000000,
    "sellingAndMarketingExpenses": 252000000,
    "sellingGeneralAndAdministrativeExpenses": 463000000,
    "otherExpenses": 100000000,
    "operatingExpenses": 563000000,
    "costAndExpenses": 1173000000,
    "netInterestIncome": 0,
    "interestIncome": 0,
    "interestExpense": 0,
    "depreciationAndAmortization": 101000000,
    "ebitda": 1928000000,
    "ebit": 1827000000,
    "nonOperatingIncomeExcludingInterest": 1000000,
    "operatingIncome": 1828000000,
    "totalOtherIncomeExpensesNet": 5000000,
    "incomeBeforeTax": 1833000000,
    "incomeTaxExpense": 608000000,
    "netIncomeFromContinuingOperations": 1225000000,
    "netIncomeFromDiscontinuedOperations": 0,
    "otherAdjustmentsToNetIncome": 0,
    "netIncome": 1225000000,
    "netIncomeDeductions": -5000000,
    "bottomLineNetIncome": 1225000000,
    "eps": 0.47,
    "epsDiluted": 0.47,
    "weightedAverageShsOut": 2584000000,
    "weightedAverageShsOutDil": 2604000000
  },
  {
    "date": "2013-03-31",
    "symbol": "V",
    "reportedCurrency": "USD",
    "cik": "0001403161",
    "filingDate": "2013-05-01",
    "acceptedDate": "2013-05-01 16:24:48",
    "fiscalYear": "2013",
    "period": "Q2",
    "revenue": 2958000000,
    "costOfRevenue": 605000000,
    "grossProfit": 2353000000,
    "researchAndDevelopmentExpenses": 0,
    "generalAndAdministrativeExpenses": 199000000,
    "sellingAndMarketingExpenses": 195000000,
    "sellingGeneralAndAdministrativeExpenses": 394000000,
    "otherExpenses": 99000000,
    "operatingExpenses": 493000000,
    "costAndExpenses": 1098000000,
    "netInterestIncome": 0,
    "interestIncome": 0,
    "interestExpense": 0,
    "depreciationAndAmortization": 98000000,
    "ebitda": 1959000000,
    "ebit": 1861000000,
    "nonOperatingIncomeExcludingInterest": -1000000,
    "operatingIncome": 1860000000,
    "totalOtherIncomeExpensesNet": -3000000,
    "incomeBeforeTax": 1857000000,
    "incomeTaxExpense": 587000000,
    "netIncomeFromContinuingOperations": 1270000000,
    "netIncomeFromDiscontinuedOperations": 0,
    "otherAdjustmentsToNetIncome": 0,
    "netIncome": 1270000000,
    "netIncomeDeductions": -5000000,
    "bottomLineNetIncome": 1270000000,
    "eps": 0.48,
    "epsDiluted": 0.48,
    "weightedAverageShsOut": 2620000000,
    "weightedAverageShsOutDil": 2640000000
  },
  {
    "date": "2012-12-31",
    "symbol": "V",
    "reportedCurrency": "USD",
    "cik": "0001403161",
    "filingDate": "2013-02-06",
    "acceptedDate": "2013-02-06 16:17:56",
    "fiscalYear": "2013",
    "period": "Q1",
    "revenue": 2846000000,
    "costOfRevenue": 564000000,
    "grossProfit": 2282000000,
    "researchAndDevelopmentExpenses": 0,
    "generalAndAdministrativeExpenses": 194000000,
    "sellingAndMarketingExpenses": 193000000,
    "sellingGeneralAndAdministrativeExpenses": 387000000,
    "otherExpenses": 95000000,
    "operatingExpenses": 482000000,
    "costAndExpenses": 1046000000,
    "netInterestIncome": 0,
    "interestIncome": 0,
    "interestExpense": 0,
    "depreciationAndAmortization": 92000000,
    "ebitda": 1895000000,
    "ebit": 1803000000,
    "nonOperatingIncomeExcludingInterest": -3000000,
    "operatingIncome": 1800000000,
    "totalOtherIncomeExpensesNet": 1000000,
    "incomeBeforeTax": 1801000000,
    "incomeTaxExpense": 508000000,
    "netIncomeFromContinuingOperations": 1293000000,
    "netIncomeFromDiscontinuedOperations": 0,
    "otherAdjustmentsToNetIncome": 0,
    "netIncome": 1293000000,
    "netIncomeDeductions": -5000000,
    "bottomLineNetIncome": 1293000000,
    "eps": 0.49,
    "epsDiluted": 0.48,
    "weightedAverageShsOut": 2656000000,
    "weightedAverageShsOutDil": 2676000000
  },
  {
    "date": "2012-09-30",
    "symbol": "V",
    "reportedCurrency": "USD",
    "cik": "0001403161",
    "filingDate": "2012-11-16",
    "acceptedDate": "2012-11-15 20:15:57",
    "fiscalYear": "2012",
    "period": "Q4",
    "revenue": 2731000000,
    "costOfRevenue": 582000000,
    "grossProfit": 2149000000,
    "researchAndDevelopmentExpenses": 0,
    "generalAndAdministrativeExpenses": 265000000,
    "sellingAndMarketingExpenses": 271000000,
    "sellingGeneralAndAdministrativeExpenses": 536000000,
    "otherExpenses": 91000000,
    "operatingExpenses": 627000000,
    "costAndExpenses": 1209000000,
    "netInterestIncome": 57000000,
    "interestIncome": 0,
    "interestExpense": 1000000,
    "depreciationAndAmortization": 89000000,
    "ebitda": 1613000000,
    "ebit": 1524000000,
    "nonOperatingIncomeExcludingInterest": -2000000,
    "operatingIncome": 1522000000,
    "totalOtherIncomeExpensesNet": 66000000,
    "incomeBeforeTax": 1588000000,
    "incomeTaxExpense": -74000000,
    "netIncomeFromContinuingOperations": 1662000000,
    "netIncomeFromDiscontinuedOperations": 0,
    "otherAdjustmentsToNetIncome": 0,
    "netIncome": 1662000000,
    "netIncomeDeductions": 0,
    "bottomLineNetIncome": 1662000000,
    "eps": 0.52,
    "epsDiluted": 0.44,
    "weightedAverageShsOut": 3232000000,
    "weightedAverageShsOutDil": 3808000000
  },
  {
    "date": "2012-06-30",
    "symbol": "V",
    "reportedCurrency": "USD",
    "cik": "0001403161",
    "filingDate": "2012-07-27",
    "acceptedDate": "2012-07-27 16:09:17",
    "fiscalYear": "2012",
    "period": "Q3",
    "revenue": 2565000000,
    "costOfRevenue": 537000000,
    "grossProfit": 2028000000,
    "researchAndDevelopmentExpenses": 0,
    "generalAndAdministrativeExpenses": 211000000,
    "sellingAndMarketingExpenses": 242000000,
    "sellingGeneralAndAdministrativeExpenses": 453000000,
    "otherExpenses": 4182000000,
    "operatingExpenses": 4635000000,
    "costAndExpenses": 5172000000,
    "netInterestIncome": -11000000,
    "interestIncome": 0,
    "interestExpense": 11000000,
    "depreciationAndAmortization": 84000000,
    "ebitda": 1575000000,
    "ebit": 1491000000,
    "nonOperatingIncomeExcludingInterest": -4098000000,
    "operatingIncome": -2607000000,
    "totalOtherIncomeExpensesNet": 0,
    "incomeBeforeTax": -2607000000,
    "incomeTaxExpense": -768000000,
    "netIncomeFromContinuingOperations": -1839000000,
    "netIncomeFromDiscontinuedOperations": 0,
    "otherAdjustmentsToNetIncome": 0,
    "netIncome": -1839000000,
    "netIncomeDeductions": 7000000,
    "bottomLineNetIncome": -1839000000,
    "eps": 0.57,
    "epsDiluted": 0.48,
    "weightedAverageShsOut": 3240000000,
    "weightedAverageShsOutDil": 3828000000
  },
  {
    "date": "2012-03-31",
    "symbol": "V",
    "reportedCurrency": "USD",
    "cik": "0001403161",
    "filingDate": "2012-05-02",
    "acceptedDate": "2012-05-02 16:44:29",
    "fiscalYear": "2012",
    "period": "Q2",
    "revenue": 2578000000,
    "costOfRevenue": 534000000,
    "grossProfit": 2044000000,
    "researchAndDevelopmentExpenses": 0,
    "generalAndAdministrativeExpenses": 188000000,
    "sellingAndMarketingExpenses": 170000000,
    "sellingGeneralAndAdministrativeExpenses": 358000000,
    "otherExpenses": 80000000,
    "operatingExpenses": 438000000,
    "costAndExpenses": 972000000,
    "netInterestIncome": -7000000,
    "interestIncome": 0,
    "interestExpense": 7000000,
    "depreciationAndAmortization": 80000000,
    "ebitda": 1686000000,
    "ebit": 1606000000,
    "nonOperatingIncomeExcludingInterest": 0,
    "operatingIncome": 1606000000,
    "totalOtherIncomeExpensesNet": 3000000,
    "incomeBeforeTax": 1609000000,
    "incomeTaxExpense": 317000000,
    "netIncomeFromContinuingOperations": 1292000000,
    "netIncomeFromDiscontinuedOperations": 0,
    "otherAdjustmentsToNetIncome": 0,
    "netIncome": 1292000000,
    "netIncomeDeductions": -5000000,
    "bottomLineNetIncome": 1292000000,
    "eps": 0.48,
    "epsDiluted": 0.48,
    "weightedAverageShsOut": 2676000000,
    "weightedAverageShsOutDil": 2704000000
  },
  {
    "date": "2011-12-31",
    "symbol": "V",
    "reportedCurrency": "USD",
    "cik": "0001403161",
    "filingDate": "2012-02-08",
    "acceptedDate": "2012-02-08 16:27:18",
    "fiscalYear": "2012",
    "period": "Q1",
    "revenue": 2547000000,
    "costOfRevenue": 487000000,
    "grossProfit": 2060000000,
    "researchAndDevelopmentExpenses": 0,
    "generalAndAdministrativeExpenses": 172000000,
    "sellingAndMarketingExpenses": 190000000,
    "sellingGeneralAndAdministrativeExpenses": 362000000,
    "otherExpenses": 80000000,
    "operatingExpenses": 442000000,
    "costAndExpenses": 929000000,
    "netInterestIncome": -10000000,
    "interestIncome": 0,
    "interestExpense": 10000000,
    "depreciationAndAmortization": 80000000,
    "ebitda": 1698000000,
    "ebit": 1618000000,
    "nonOperatingIncomeExcludingInterest": 0,
    "operatingIncome": 1618000000,
    "totalOtherIncomeExpensesNet": -1000000,
    "incomeBeforeTax": 1617000000,
    "incomeTaxExpense": 590000000,
    "netIncomeFromContinuingOperations": 1027000000,
    "netIncomeFromDiscontinuedOperations": 0,
    "otherAdjustmentsToNetIncome": 0,
    "netIncome": 1029000000,
    "netIncomeDeductions": -3000000,
    "bottomLineNetIncome": 1029000000,
    "eps": 0.38,
    "epsDiluted": 0.37,
    "weightedAverageShsOut": 2676000000,
    "weightedAverageShsOutDil": 2760000000
  },
  {
    "date": "2011-09-30",
    "symbol": "V",
    "reportedCurrency": "USD",
    "cik": "0001403161",
    "filingDate": "2011-11-18",
    "acceptedDate": "2011-11-17 19:39:34",
    "fiscalYear": "2011",
    "period": "Q4",
    "revenue": 2383000000,
    "costOfRevenue": 494000000,
    "grossProfit": 1889000000,
    "researchAndDevelopmentExpenses": 0,
    "generalAndAdministrativeExpenses": 210000000,
    "sellingAndMarketingExpenses": 239000000,
    "sellingGeneralAndAdministrativeExpenses": 449000000,
    "otherExpenses": 78000000,
    "operatingExpenses": 527000000,
    "costAndExpenses": 1021000000,
    "netInterestIncome": -13000000,
    "interestIncome": 0,
    "interestExpense": 13000000,
    "depreciationAndAmortization": 77000000,
    "ebitda": 1444000000,
    "ebit": 1367000000,
    "nonOperatingIncomeExcludingInterest": -5000000,
    "operatingIncome": 1362000000,
    "totalOtherIncomeExpensesNet": -8000000,
    "incomeBeforeTax": 1354000000,
    "incomeTaxExpense": 476000000,
    "netIncomeFromContinuingOperations": 878000000,
    "netIncomeFromDiscontinuedOperations": 0,
    "otherAdjustmentsToNetIncome": 0,
    "netIncome": 880000000,
    "netIncomeDeductions": 0,
    "bottomLineNetIncome": 880000000,
    "eps": 0.27,
    "epsDiluted": 0.22,
    "weightedAverageShsOut": 3248000000,
    "weightedAverageShsOutDil": 3944000000
  },
  {
    "date": "2011-06-30",
    "symbol": "V",
    "reportedCurrency": "USD",
    "cik": "0001403161",
    "filingDate": "2011-07-29",
    "acceptedDate": "2011-07-29 11:46:15",
    "fiscalYear": "2011",
    "period": "Q3",
    "revenue": 2322000000,
    "costOfRevenue": 454000000,
    "grossProfit": 1868000000,
    "researchAndDevelopmentExpenses": 0,
    "generalAndAdministrativeExpenses": 198000000,
    "sellingAndMarketingExpenses": 251000000,
    "sellingGeneralAndAdministrativeExpenses": 449000000,
    "otherExpenses": 74000000,
    "operatingExpenses": 523000000,
    "costAndExpenses": 977000000,
    "netInterestIncome": -11000000,
    "interestIncome": 0,
    "interestExpense": 11000000,
    "depreciationAndAmortization": 74000000,
    "ebitda": 1419000000,
    "ebit": 1345000000,
    "nonOperatingIncomeExcludingInterest": 0,
    "operatingIncome": 1345000000,
    "totalOtherIncomeExpensesNet": 198000000,
    "incomeBeforeTax": 1543000000,
    "incomeTaxExpense": 539000000,
    "netIncomeFromContinuingOperations": 1004000000,
    "netIncomeFromDiscontinuedOperations": 0,
    "otherAdjustmentsToNetIncome": 0,
    "netIncome": 1005000000,
    "netIncomeDeductions": 0,
    "bottomLineNetIncome": 1005000000,
    "eps": 0.31,
    "epsDiluted": 0.25,
    "weightedAverageShsOut": 3300000000,
    "weightedAverageShsOutDil": 4032000000
  },
  {
    "date": "2011-03-31",
    "symbol": "V",
    "reportedCurrency": "USD",
    "cik": "0001403161",
    "filingDate": "2011-05-05",
    "acceptedDate": "2011-05-05 16:31:33",
    "fiscalYear": "2011",
    "period": "Q2",
    "revenue": 2245000000,
    "costOfRevenue": 431000000,
    "grossProfit": 1814000000,
    "researchAndDevelopmentExpenses": 0,
    "generalAndAdministrativeExpenses": 172000000,
    "sellingAndMarketingExpenses": 183000000,
    "sellingGeneralAndAdministrativeExpenses": 355000000,
    "otherExpenses": 76000000,
    "operatingExpenses": 431000000,
    "costAndExpenses": 862000000,
    "netInterestIncome": -12000000,
    "interestIncome": 0,
    "interestExpense": 12000000,
    "depreciationAndAmortization": 70000000,
    "ebitda": 1459000000,
    "ebit": 1389000000,
    "nonOperatingIncomeExcludingInterest": -6000000,
    "operatingIncome": 1383000000,
    "totalOtherIncomeExpensesNet": -6000000,
    "incomeBeforeTax": 1377000000,
    "incomeTaxExpense": 497000000,
    "netIncomeFromContinuingOperations": 880000000,
    "netIncomeFromDiscontinuedOperations": 0,
    "otherAdjustmentsToNetIncome": 0,
    "netIncome": 881000000,
    "netIncomeDeductions": 0,
    "bottomLineNetIncome": 881000000,
    "eps": 0.31,
    "epsDiluted": 0.31,
    "weightedAverageShsOut": 2756000000,
    "weightedAverageShsOutDil": 2856000000
  },
  {
    "date": "2010-12-31",
    "symbol": "V",
    "reportedCurrency": "USD",
    "cik": "0001403161",
    "filingDate": "2011-02-02",
    "acceptedDate": "2011-02-02 16:18:08",
    "fiscalYear": "2011",
    "period": "Q1",
    "revenue": 2238000000,
    "costOfRevenue": 437000000,
    "grossProfit": 1801000000,
    "researchAndDevelopmentExpenses": 0,
    "generalAndAdministrativeExpenses": 171000000,
    "sellingAndMarketingExpenses": 197000000,
    "sellingGeneralAndAdministrativeExpenses": 368000000,
    "otherExpenses": 67000000,
    "operatingExpenses": 435000000,
    "costAndExpenses": 872000000,
    "netInterestIncome": 4000000,
    "interestIncome": 4000000,
    "interestExpense": 0,
    "depreciationAndAmortization": 67000000,
    "ebitda": 1449000000,
    "ebit": 1382000000,
    "nonOperatingIncomeExcludingInterest": -16000000,
    "operatingIncome": 1366000000,
    "totalOtherIncomeExpensesNet": 16000000,
    "incomeBeforeTax": 1382000000,
    "incomeTaxExpense": 498000000,
    "netIncomeFromContinuingOperations": 884000000,
    "netIncomeFromDiscontinuedOperations": 0,
    "otherAdjustmentsToNetIncome": 0,
    "netIncome": 884000000,
    "netIncomeDeductions": 0,
    "bottomLineNetIncome": 884000000,
    "eps": 0.31,
    "epsDiluted": 0.31,
    "weightedAverageShsOut": 2768000000,
    "weightedAverageShsOutDil": 2876000000
  },
  {
    "date": "2010-09-30",
    "symbol": "V",
    "reportedCurrency": "USD",
    "cik": "0001403161",
    "filingDate": "2010-11-19",
    "acceptedDate": "2010-11-19 16:10:39",
    "fiscalYear": "2010",
    "period": "Q4",
    "revenue": 2117000000,
    "costOfRevenue": 472000000,
    "grossProfit": 1645000000,
    "researchAndDevelopmentExpenses": 0,
    "generalAndAdministrativeExpenses": 225000000,
    "sellingAndMarketingExpenses": 233000000,
    "sellingGeneralAndAdministrativeExpenses": 458000000,
    "otherExpenses": 74000000,
    "operatingExpenses": 532000000,
    "costAndExpenses": 1004000000,
    "netInterestIncome": -15000000,
    "interestIncome": 0,
    "interestExpense": 15000000,
    "depreciationAndAmortization": 78000000,
    "ebitda": 1288000000,
    "ebit": 1210000000,
    "nonOperatingIncomeExcludingInterest": -97000000,
    "operatingIncome": 1113000000,
    "totalOtherIncomeExpensesNet": 82000000,
    "incomeBeforeTax": 1195000000,
    "incomeTaxExpense": 422000000,
    "netIncomeFromContinuingOperations": 773000000,
    "netIncomeFromDiscontinuedOperations": 0,
    "otherAdjustmentsToNetIncome": 0,
    "netIncome": 774000000,
    "netIncomeDeductions": 0,
    "bottomLineNetIncome": 774000000,
    "eps": 0.18,
    "epsDiluted": 0.18,
    "weightedAverageShsOut": 4356000000,
    "weightedAverageShsOutDil": 4356000000
  },
  {
    "date": "2010-06-30",
    "symbol": "V",
    "reportedCurrency": "USD",
    "cik": "0001403161",
    "filingDate": "2010-08-02",
    "acceptedDate": "2010-07-30 19:14:09",
    "fiscalYear": "2010",
    "period": "Q3",
    "revenue": 2029000000,
    "costOfRevenue": 388000000,
    "grossProfit": 1641000000,
    "researchAndDevelopmentExpenses": 0,
    "generalAndAdministrativeExpenses": 164000000,
    "sellingAndMarketingExpenses": 277000000,
    "sellingGeneralAndAdministrativeExpenses": 441000000,
    "otherExpenses": 63000000,
    "operatingExpenses": 504000000,
    "costAndExpenses": 892000000,
    "netInterestIncome": -13000000,
    "interestIncome": 0,
    "interestExpense": 13000000,
    "depreciationAndAmortization": 63000000,
    "ebitda": 1198000000,
    "ebit": 1135000000,
    "nonOperatingIncomeExcludingInterest": 2000000,
    "operatingIncome": 1137000000,
    "totalOtherIncomeExpensesNet": -15000000,
    "incomeBeforeTax": 1122000000,
    "incomeTaxExpense": 406000000,
    "netIncomeFromContinuingOperations": 716000000,
    "netIncomeFromDiscontinuedOperations": 0,
    "otherAdjustmentsToNetIncome": 0,
    "netIncome": 716000000,
    "netIncomeDeductions": 0,
    "bottomLineNetIncome": 716000000,
    "eps": 0.21,
    "epsDiluted": 0.17,
    "weightedAverageShsOut": 3352000000,
    "weightedAverageShsOutDil": 4328000000
  },
  {
    "date": "2010-03-31",
    "symbol": "V",
    "reportedCurrency": "USD",
    "cik": "0001403161",
    "filingDate": "2010-05-03",
    "acceptedDate": "2010-04-30 21:17:07",
    "fiscalYear": "2010",
    "period": "Q2",
    "revenue": 1959000000,
    "costOfRevenue": 408000000,
    "grossProfit": 1551000000,
    "researchAndDevelopmentExpenses": 0,
    "generalAndAdministrativeExpenses": 127000000,
    "sellingAndMarketingExpenses": 238000000,
    "sellingGeneralAndAdministrativeExpenses": 365000000,
    "otherExpenses": 64000000,
    "operatingExpenses": 429000000,
    "costAndExpenses": 837000000,
    "netInterestIncome": -28000000,
    "interestIncome": 0,
    "interestExpense": 28000000,
    "depreciationAndAmortization": 62000000,
    "ebitda": 1203000000,
    "ebit": 1141000000,
    "nonOperatingIncomeExcludingInterest": -19000000,
    "operatingIncome": 1122000000,
    "totalOtherIncomeExpensesNet": -9000000,
    "incomeBeforeTax": 1113000000,
    "incomeTaxExpense": 401000000,
    "netIncomeFromContinuingOperations": 712000000,
    "netIncomeFromDiscontinuedOperations": 0,
    "otherAdjustmentsToNetIncome": 0,
    "netIncome": 713000000,
    "netIncomeDeductions": 0,
    "bottomLineNetIncome": 713000000,
    "eps": 0.23,
    "epsDiluted": 0.24,
    "weightedAverageShsOut": 3120000000,
    "weightedAverageShsOutDil": 2968000000
  },
  {
    "date": "2009-12-31",
    "symbol": "V",
    "reportedCurrency": "USD",
    "cik": "0001403161",
    "filingDate": "2010-02-03",
    "acceptedDate": "2010-02-03 16:32:45",
    "fiscalYear": "2010",
    "period": "Q1",
    "revenue": 1960000000,
    "costOfRevenue": 379000000,
    "grossProfit": 1581000000,
    "researchAndDevelopmentExpenses": 0,
    "generalAndAdministrativeExpenses": 129000000,
    "sellingAndMarketingExpenses": 216000000,
    "sellingGeneralAndAdministrativeExpenses": 345000000,
    "otherExpenses": 19000000,
    "operatingExpenses": 364000000,
    "costAndExpenses": 743000000,
    "netInterestIncome": -16000000,
    "interestIncome": 0,
    "interestExpense": 16000000,
    "depreciationAndAmortization": 62000000,
    "ebitda": 1279000000,
    "ebit": 1217000000,
    "nonOperatingIncomeExcludingInterest": 0,
    "operatingIncome": 1217000000,
    "totalOtherIncomeExpensesNet": -9000000,
    "incomeBeforeTax": 1208000000,
    "incomeTaxExpense": 445000000,
    "netIncomeFromContinuingOperations": 763000000,
    "netIncomeFromDiscontinuedOperations": 0,
    "otherAdjustmentsToNetIncome": 0,
    "netIncome": 763000000,
    "netIncomeDeductions": 0,
    "bottomLineNetIncome": 763000000,
    "eps": 0.26,
    "epsDiluted": 0.26,
    "weightedAverageShsOut": 2888000000,
    "weightedAverageShsOutDil": 2980000000
  },
  {
    "date": "2009-09-30",
    "symbol": "V",
    "reportedCurrency": "USD",
    "cik": "0001403161",
    "filingDate": "2009-11-20",
    "acceptedDate": "2009-11-20 16:07:00",
    "fiscalYear": "2009",
    "period": "Q4",
    "revenue": 1879000000,
    "costOfRevenue": 445000000,
    "grossProfit": 1434000000,
    "researchAndDevelopmentExpenses": 0,
    "generalAndAdministrativeExpenses": 220000000,
    "sellingAndMarketingExpenses": 283000000,
    "sellingGeneralAndAdministrativeExpenses": 503000000,
    "otherExpenses": 62000000,
    "operatingExpenses": 565000000,
    "costAndExpenses": 1010000000,
    "netInterestIncome": -25000000,
    "interestIncome": 0,
    "interestExpense": 25000000,
    "depreciationAndAmortization": 61000000,
    "ebitda": 949000000,
    "ebit": 888000000,
    "nonOperatingIncomeExcludingInterest": -19000000,
    "operatingIncome": 869000000,
    "totalOtherIncomeExpensesNet": -6000000,
    "incomeBeforeTax": 863000000,
    "incomeTaxExpense": 349000000,
    "netIncomeFromContinuingOperations": 514000000,
    "netIncomeFromDiscontinuedOperations": 0,
    "otherAdjustmentsToNetIncome": 0,
    "netIncome": 514000000,
    "netIncomeDeductions": 3000000,
    "bottomLineNetIncome": 511000000,
    "eps": 0.17,
    "epsDiluted": 0.17,
    "weightedAverageShsOut": 3006000000,
    "weightedAverageShsOutDil": 3006000000
  },
  {
    "date": "2009-06-30",
    "symbol": "V",
    "reportedCurrency": "USD",
    "cik": "0001403161",
    "filingDate": "2009-07-30",
    "acceptedDate": "2009-07-30 17:05:49",
    "fiscalYear": "2009",
    "period": "Q3",
    "revenue": 1646000000,
    "costOfRevenue": 379000000,
    "grossProfit": 1267000000,
    "researchAndDevelopmentExpenses": 0,
    "generalAndAdministrativeExpenses": 158000000,
    "sellingAndMarketingExpenses": 229000000,
    "sellingGeneralAndAdministrativeExpenses": 387000000,
    "otherExpenses": 58000000,
    "operatingExpenses": 445000000,
    "costAndExpenses": 824000000,
    "netInterestIncome": -30000000,
    "interestIncome": 0,
    "interestExpense": 30000000,
    "depreciationAndAmortization": 57000000,
    "ebitda": 1384000000,
    "ebit": 1327000000,
    "nonOperatingIncomeExcludingInterest": -505000000,
    "operatingIncome": 822000000,
    "totalOtherIncomeExpensesNet": 475000000,
    "incomeBeforeTax": 1297000000,
    "incomeTaxExpense": 568000000,
    "netIncomeFromContinuingOperations": 729000000,
    "netIncomeFromDiscontinuedOperations": 0,
    "otherAdjustmentsToNetIncome": 0,
    "netIncome": 729000000,
    "netIncomeDeductions": 0,
    "bottomLineNetIncome": 729000000,
    "eps": 0.24,
    "epsDiluted": 0.24,
    "weightedAverageShsOut": 2987000000,
    "weightedAverageShsOutDil": 3024000000
  },
  {
    "date": "2009-03-31",
    "symbol": "V",
    "reportedCurrency": "USD",
    "cik": "0001403161",
    "filingDate": "2009-05-06",
    "acceptedDate": "2009-05-06 09:29:44",
    "fiscalYear": "2009",
    "period": "Q2",
    "revenue": 1647000000,
    "costOfRevenue": 384000000,
    "grossProfit": 1263000000,
    "researchAndDevelopmentExpenses": 0,
    "generalAndAdministrativeExpenses": 130000000,
    "sellingAndMarketingExpenses": 196000000,
    "sellingGeneralAndAdministrativeExpenses": 326000000,
    "otherExpenses": 56000000,
    "operatingExpenses": 382000000,
    "costAndExpenses": 766000000,
    "netInterestIncome": -30000000,
    "interestIncome": 0,
    "interestExpense": 30000000,
    "depreciationAndAmortization": 56000000,
    "ebitda": 973000000,
    "ebit": 917000000,
    "nonOperatingIncomeExcludingInterest": -36000000,
    "operatingIncome": 881000000,
    "totalOtherIncomeExpensesNet": 6000000,
    "incomeBeforeTax": 887000000,
    "incomeTaxExpense": 352000000,
    "netIncomeFromContinuingOperations": 535000000,
    "netIncomeFromDiscontinuedOperations": 0,
    "otherAdjustmentsToNetIncome": 0,
    "netIncome": 536000000,
    "netIncomeDeductions": 0,
    "bottomLineNetIncome": 536000000,
    "eps": 0.18,
    "epsDiluted": 0.18,
    "weightedAverageShsOut": 2968000000,
    "weightedAverageShsOutDil": 3024000000
  },
  {
    "date": "2008-12-31",
    "symbol": "V",
    "reportedCurrency": "USD",
    "cik": "0001403161",
    "filingDate": "2009-02-09",
    "acceptedDate": "2009-02-09 15:47:44",
    "fiscalYear": "2009",
    "period": "Q1",
    "revenue": 1739000000,
    "costOfRevenue": 392000000,
    "grossProfit": 1347000000,
    "researchAndDevelopmentExpenses": 0,
    "generalAndAdministrativeExpenses": 119000000,
    "sellingAndMarketingExpenses": 210000000,
    "sellingGeneralAndAdministrativeExpenses": 329000000,
    "otherExpenses": 52000000,
    "operatingExpenses": 381000000,
    "costAndExpenses": 773000000,
    "netInterestIncome": -30000000,
    "interestIncome": 0,
    "interestExpense": 30000000,
    "depreciationAndAmortization": 52000000,
    "ebitda": 1035000000,
    "ebit": 983000000,
    "nonOperatingIncomeExcludingInterest": -17000000,
    "operatingIncome": 966000000,
    "totalOtherIncomeExpensesNet": -13000000,
    "incomeBeforeTax": 953000000,
    "incomeTaxExpense": 379000000,
    "netIncomeFromContinuingOperations": 574000000,
    "netIncomeFromDiscontinuedOperations": 0,
    "otherAdjustmentsToNetIncome": 0,
    "netIncome": 574000000,
    "netIncomeDeductions": 0,
    "bottomLineNetIncome": 574000000,
    "eps": 0.19,
    "epsDiluted": 0.19,
    "weightedAverageShsOut": 2964000000,
    "weightedAverageShsOutDil": 3092000000
  },
  {
    "date": "2008-09-30",
    "symbol": "V",
    "reportedCurrency": "USD",
    "cik": "0001403161",
    "filingDate": "2008-11-21",
    "acceptedDate": "2008-11-20 21:38:24",
    "fiscalYear": "2008",
    "period": "Q4",
    "revenue": 1709000000,
    "costOfRevenue": 411000000,
    "grossProfit": 1298000000,
    "researchAndDevelopmentExpenses": 0,
    "generalAndAdministrativeExpenses": 234000000,
    "sellingAndMarketingExpenses": 320000000,
    "sellingGeneralAndAdministrativeExpenses": 554000000,
    "otherExpenses": 1187000000,
    "operatingExpenses": 1741000000,
    "costAndExpenses": 2152000000,
    "netInterestIncome": 0,
    "interestIncome": 0,
    "interestExpense": 0,
    "depreciationAndAmortization": 59000000,
    "ebitda": -137000000,
    "ebit": -404000000,
    "nonOperatingIncomeExcludingInterest": -247000000,
    "operatingIncome": -443000000,
    "totalOtherIncomeExpensesNet": 12000000,
    "incomeBeforeTax": -431000000,
    "incomeTaxExpense": -75000000,
    "netIncomeFromContinuingOperations": -356000000,
    "netIncomeFromDiscontinuedOperations": 0,
    "otherAdjustmentsToNetIncome": 0,
    "netIncome": -356000000,
    "netIncomeDeductions": 62000000,
    "bottomLineNetIncome": -418000000,
    "eps": -0.15,
    "epsDiluted": -0.14,
    "weightedAverageShsOut": 2818000000,
    "weightedAverageShsOutDil": 3084000000
  },
  {
    "date": "2008-06-30",
    "symbol": "V",
    "reportedCurrency": "USD",
    "cik": "0001403161",
    "filingDate": "2008-08-13",
    "acceptedDate": "2008-08-13 13:56:34",
    "fiscalYear": "2008",
    "period": "Q3",
    "revenue": 1613000000,
    "costOfRevenue": 394000000,
    "grossProfit": 1219000000,
    "researchAndDevelopmentExpenses": 0,
    "generalAndAdministrativeExpenses": 193000000,
    "sellingAndMarketingExpenses": 271000000,
    "sellingGeneralAndAdministrativeExpenses": 464000000,
    "otherExpenses": 107000000,
    "operatingExpenses": 571000000,
    "costAndExpenses": 965000000,
    "netInterestIncome": -30000000,
    "interestIncome": 0,
    "interestExpense": 30000000,
    "depreciationAndAmortization": 57000000,
    "ebitda": 801000000,
    "ebit": 744000000,
    "nonOperatingIncomeExcludingInterest": -96000000,
    "operatingIncome": 648000000,
    "totalOtherIncomeExpensesNet": 66000000,
    "incomeBeforeTax": 714000000,
    "incomeTaxExpense": 292000000,
    "netIncomeFromContinuingOperations": 422000000,
    "netIncomeFromDiscontinuedOperations": 0,
    "otherAdjustmentsToNetIncome": 0,
    "netIncome": 422000000,
    "netIncomeDeductions": 0,
    "bottomLineNetIncome": 395000000,
    "eps": 0.13,
    "epsDiluted": 0.13,
    "weightedAverageShsOut": 2968000000,
    "weightedAverageShsOutDil": 3104000000
  },
  {
    "date": "2008-03-31",
    "symbol": "V",
    "reportedCurrency": "USD",
    "cik": "0001403161",
    "filingDate": "2008-05-13",
    "acceptedDate": "2008-05-13 16:23:12",
    "fiscalYear": "2008",
    "period": "Q2",
    "revenue": 1453000000,
    "costOfRevenue": 367000000,
    "grossProfit": 1086000000,
    "researchAndDevelopmentExpenses": 0,
    "generalAndAdministrativeExpenses": 171000000,
    "sellingAndMarketingExpenses": 215000000,
    "sellingGeneralAndAdministrativeExpenses": 386000000,
    "otherExpenses": 351000000,
    "operatingExpenses": 737000000,
    "costAndExpenses": 1104000000,
    "netInterestIncome": -41000000,
    "interestIncome": 0,
    "interestExpense": 41000000,
    "depreciationAndAmortization": 59000000,
    "ebitda": 470000000,
    "ebit": 411000000,
    "nonOperatingIncomeExcludingInterest": -62000000,
    "operatingIncome": 349000000,
    "totalOtherIncomeExpensesNet": 21000000,
    "incomeBeforeTax": 370000000,
    "incomeTaxExpense": 56000000,
    "netIncomeFromContinuingOperations": 314000000,
    "netIncomeFromDiscontinuedOperations": 0,
    "otherAdjustmentsToNetIncome": 0,
    "netIncome": 314000000,
    "netIncomeDeductions": 0,
    "bottomLineNetIncome": 301000000,
    "eps": 0.14,
    "epsDiluted": 0.1,
    "weightedAverageShsOut": 2552000000,
    "weightedAverageShsOutDil": 3112000000
  },
  {
    "date": "2007-12-31",
    "symbol": "V",
    "reportedCurrency": "USD",
    "cik": "0001403161",
    "filingDate": "2008-02-04",
    "acceptedDate": "2008-02-04 16:49:54",
    "fiscalYear": "2008",
    "period": "Q1",
    "revenue": 1488000000,
    "costOfRevenue": 366000000,
    "grossProfit": 1122000000,
    "researchAndDevelopmentExpenses": 0,
    "generalAndAdministrativeExpenses": 172000000,
    "sellingAndMarketingExpenses": 210000000,
    "sellingGeneralAndAdministrativeExpenses": 382000000,
    "otherExpenses": 62000000,
    "operatingExpenses": 444000000,
    "costAndExpenses": 810000000,
    "netInterestIncome": -45000000,
    "interestIncome": 0,
    "interestExpense": 45000000,
    "depreciationAndAmortization": 62000000,
    "ebitda": 790000000,
    "ebit": 728000000,
    "nonOperatingIncomeExcludingInterest": -50000000,
    "operatingIncome": 678000000,
    "totalOtherIncomeExpensesNet": 5000000,
    "incomeBeforeTax": 683000000,
    "incomeTaxExpense": 259000000,
    "netIncomeFromContinuingOperations": 424000000,
    "netIncomeFromDiscontinuedOperations": 0,
    "otherAdjustmentsToNetIncome": 0,
    "netIncome": 424000000,
    "netIncomeDeductions": 0,
    "bottomLineNetIncome": 424000000,
    "eps": 0.14,
    "epsDiluted": 0.14,
    "weightedAverageShsOut": 3100000000,
    "weightedAverageShsOutDil": 3100000000
  },
  {
    "date": "2007-09-30",
    "symbol": "V",
    "reportedCurrency": "USD",
    "cik": "0001403161",
    "filingDate": "2007-12-21",
    "acceptedDate": "2007-12-21 15:58:47",
    "fiscalYear": "2007",
    "period": "Q4",
    "revenue": 991045000,
    "costOfRevenue": 0,
    "grossProfit": 991045000,
    "researchAndDevelopmentExpenses": 0,
    "generalAndAdministrativeExpenses": 679840000,
    "sellingAndMarketingExpenses": 174556000,
    "sellingGeneralAndAdministrativeExpenses": 854396000,
    "otherExpenses": 2500109000,
    "operatingExpenses": 3354505000,
    "costAndExpenses": 3354505000,
    "netInterestIncome": 0,
    "interestIncome": 0,
    "interestExpense": 0,
    "depreciationAndAmortization": 41000000,
    "ebitda": -2401760000,
    "ebit": -2220725000,
    "nonOperatingIncomeExcludingInterest": -142735000,
    "operatingIncome": -2363460000,
    "totalOtherIncomeExpensesNet": 12050000,
    "incomeBeforeTax": -2351410000,
    "incomeTaxExpense": -666848000,
    "netIncomeFromContinuingOperations": -1684562000,
    "netIncomeFromDiscontinuedOperations": 0,
    "otherAdjustmentsToNetIncome": 0,
    "netIncome": -1684575000,
    "netIncomeDeductions": 0,
    "bottomLineNetIncome": -1684575000,
    "eps": -0.58,
    "epsDiluted": -0.57,
    "weightedAverageShsOut": 2926000000,
    "weightedAverageShsOutDil": 2974000000
  },
  {
    "date": "2007-06-30",
    "symbol": "V",
    "reportedCurrency": "USD",
    "cik": "0001403161",
    "filingDate": "2007-06-30",
    "acceptedDate": "2007-06-29 20:00:00",
    "fiscalYear": "2007",
    "period": "Q3",
    "revenue": 941000000,
    "costOfRevenue": 0,
    "grossProfit": 941000000,
    "researchAndDevelopmentExpenses": 0,
    "generalAndAdministrativeExpenses": 50000000,
    "sellingAndMarketingExpenses": 0,
    "sellingGeneralAndAdministrativeExpenses": 50000000,
    "otherExpenses": 557000000,
    "operatingExpenses": 607000000,
    "costAndExpenses": 607000000,
    "netInterestIncome": -20000000,
    "interestIncome": 0,
    "interestExpense": 20000000,
    "depreciationAndAmortization": 104389000,
    "ebitda": 219965000,
    "ebit": 373000000,
    "nonOperatingIncomeExcludingInterest": -39000000,
    "operatingIncome": 334000000,
    "totalOtherIncomeExpensesNet": 19000000,
    "incomeBeforeTax": 353000000,
    "incomeTaxExpense": 126000000,
    "netIncomeFromContinuingOperations": 227000000,
    "netIncomeFromDiscontinuedOperations": 0,
    "otherAdjustmentsToNetIncome": 0,
    "netIncome": 223000000,
    "netIncomeDeductions": 0,
    "bottomLineNetIncome": 223000000,
    "eps": 0.0815,
    "epsDiluted": 0.0792,
    "weightedAverageShsOut": 2736000000,
    "weightedAverageShsOutDil": 2816000000
  },
  {
    "date": "2007-03-31",
    "symbol": "V",
    "reportedCurrency": "USD",
    "cik": "0001403161",
    "filingDate": "2007-03-31",
    "acceptedDate": "2007-03-30 20:00:00",
    "fiscalYear": "2007",
    "period": "Q2",
    "revenue": 813000000,
    "costOfRevenue": 0,
    "grossProfit": 813000000,
    "researchAndDevelopmentExpenses": 0,
    "generalAndAdministrativeExpenses": 46000000,
    "sellingAndMarketingExpenses": 105000000,
    "sellingGeneralAndAdministrativeExpenses": 151000000,
    "otherExpenses": 391000000,
    "operatingExpenses": 542000000,
    "costAndExpenses": 542000000,
    "netInterestIncome": 0,
    "interestIncome": 0,
    "interestExpense": 0,
    "depreciationAndAmortization": 111000000,
    "ebitda": 382000000,
    "ebit": 271000000,
    "nonOperatingIncomeExcludingInterest": 0,
    "operatingIncome": 271000000,
    "totalOtherIncomeExpensesNet": 17000000,
    "incomeBeforeTax": 288000000,
    "incomeTaxExpense": 106000000,
    "netIncomeFromContinuingOperations": 182000000,
    "netIncomeFromDiscontinuedOperations": 0,
    "otherAdjustmentsToNetIncome": 0,
    "netIncome": 180000000,
    "netIncomeDeductions": 0,
    "bottomLineNetIncome": 180000000,
    "eps": 0.0658,
    "epsDiluted": 0.0639,
    "weightedAverageShsOut": 2736000000,
    "weightedAverageShsOutDil": 2816000000
  },
  {
    "date": "2006-12-31",
    "symbol": "V",
    "reportedCurrency": "USD",
    "cik": "0001403161",
    "filingDate": "2006-12-31",
    "acceptedDate": "2006-12-30 19:00:00",
    "fiscalYear": "2007",
    "period": "Q1",
    "revenue": 845000000,
    "costOfRevenue": 0,
    "grossProfit": 845000000,
    "researchAndDevelopmentExpenses": 0,
    "generalAndAdministrativeExpenses": 54000000,
    "sellingAndMarketingExpenses": 114000000,
    "sellingGeneralAndAdministrativeExpenses": 168000000,
    "otherExpenses": 368000000,
    "operatingExpenses": 536000000,
    "costAndExpenses": 536000000,
    "netInterestIncome": 0,
    "interestIncome": 0,
    "interestExpense": 0,
    "depreciationAndAmortization": 129000000,
    "ebitda": 438000000,
    "ebit": 309000000,
    "nonOperatingIncomeExcludingInterest": 0,
    "operatingIncome": 309000000,
    "totalOtherIncomeExpensesNet": 14000000,
    "incomeBeforeTax": 323000000,
    "incomeTaxExpense": 119000000,
    "netIncomeFromContinuingOperations": 204000000,
    "netIncomeFromDiscontinuedOperations": 0,
    "otherAdjustmentsToNetIncome": 0,
    "netIncome": 205000000,
    "netIncomeDeductions": 0,
    "bottomLineNetIncome": 205000000,
    "eps": 0.0749,
    "epsDiluted": 0.0728,
    "weightedAverageShsOut": 2736000000,
    "weightedAverageShsOutDil": 2816000000
  },
  {
    "date": "2006-09-30",
    "symbol": "V",
    "reportedCurrency": "USD",
    "cik": "0001403161",
    "filingDate": "2006-09-30",
    "acceptedDate": "2006-09-29 20:00:00",
    "fiscalYear": "2006",
    "period": "Q4",
    "revenue": 744707000,
    "costOfRevenue": 0,
    "grossProfit": 744707000,
    "researchAndDevelopmentExpenses": 0,
    "generalAndAdministrativeExpenses": 17399000,
    "sellingAndMarketingExpenses": 146827000,
    "sellingGeneralAndAdministrativeExpenses": 164226000,
    "otherExpenses": 402894000,
    "operatingExpenses": 567120000,
    "costAndExpenses": 567120000,
    "netInterestIncome": 0,
    "interestIncome": 0,
    "interestExpense": 0,
    "depreciationAndAmortization": 304472000,
    "ebitda": 482059000,
    "ebit": 177587000,
    "nonOperatingIncomeExcludingInterest": 0,
    "operatingIncome": 177587000,
    "totalOtherIncomeExpensesNet": -4051000,
    "incomeBeforeTax": 173536000,
    "incomeTaxExpense": 54007000,
    "netIncomeFromContinuingOperations": 103612000,
    "netIncomeFromDiscontinuedOperations": 0,
    "otherAdjustmentsToNetIncome": 15917000,
    "netIncome": 114399000,
    "netIncomeDeductions": 0,
    "bottomLineNetIncome": 114399000,
    "eps": 0.0404,
    "epsDiluted": 0.0404,
    "weightedAverageShsOut": 2832000000,
    "weightedAverageShsOutDil": 2832000000
  },
  {
    "date": "2006-06-30",
    "symbol": "V",
    "reportedCurrency": "USD",
    "cik": "0001403161",
    "filingDate": "2006-06-30",
    "acceptedDate": "2006-06-29 20:00:00",
    "fiscalYear": "2006",
    "period": "Q3",
    "revenue": 735990000,
    "costOfRevenue": 0,
    "grossProfit": 735990000,
    "researchAndDevelopmentExpenses": 0,
    "generalAndAdministrativeExpenses": 28931000,
    "sellingAndMarketingExpenses": 132285000,
    "sellingGeneralAndAdministrativeExpenses": 161216000,
    "otherExpenses": 371448000,
    "operatingExpenses": 532664000,
    "costAndExpenses": 532664000,
    "netInterestIncome": 0,
    "interestIncome": 0,
    "interestExpense": 0,
    "depreciationAndAmortization": 87922000,
    "ebitda": 291248000,
    "ebit": 203326000,
    "nonOperatingIncomeExcludingInterest": 0,
    "operatingIncome": 203326000,
    "totalOtherIncomeExpensesNet": 1003000,
    "incomeBeforeTax": 204329000,
    "incomeTaxExpense": 71958000,
    "netIncomeFromContinuingOperations": 132371000,
    "netIncomeFromDiscontinuedOperations": 0,
    "otherAdjustmentsToNetIncome": 0,
    "netIncome": 127344000,
    "netIncomeDeductions": 0,
    "bottomLineNetIncome": 127344000,
    "eps": 0.0447,
    "epsDiluted": 0.0447,
    "weightedAverageShsOut": 2848000000,
    "weightedAverageShsOutDil": 2848000000
  }
]