[
  {
    "date": "2025-12-31",
    "symbol": "MA",
    "reportedCurrency": "USD",
    "cik": "0001141391",
    "filingDate": "2026-01-29",
    "acceptedDate": "2026-01-29 08:03:21",
    "fiscalYear": "2025",
    "period": "Q4",
    "revenue": 8806000000,
    "costOfRevenue": 0,
    "grossProfit": 8806000000,
    "researchAndDevelopmentExpenses": 0,
    "generalAndAdministrativeExpenses": 3106000000,
    "sellingAndMarketingExpenses": 319000000,
    "sellingGeneralAndAdministrativeExpenses": 3425000000,
    "otherExpenses": -33000000,
    "operatingExpenses": 3392000000,
    "costAndExpenses": 3392000000,
    "netInterestIncome": -159000000,
    "interestIncome": 0,
    "interestExpense": 159000000,
    "depreciationAndAmortization": 297000000,
    "ebitda": 5207000000,
    "ebit": 4910000000,
    "nonOperatingIncomeExcludingInterest": 504000000,
    "operatingIncome": 5414000000,
    "totalOtherIncomeExpensesNet": -538000000,
    "incomeBeforeTax": 4876000000,
    "incomeTaxExpense": 816000000,
    "netIncomeFromContinuingOperations": 4060000000,
    "netIncomeFromDiscontinuedOperations": 0,
    "otherAdjustmentsToNetIncome": 0,
    "netIncome": 4060000000,
    "netIncomeDeductions": 0,
    "bottomLineNetIncome": 4060000000,
    "eps": 4.53,
    "epsDiluted": 4.52,
    "weightedAverageShsOut": 897000000,
    "weightedAverageShsOutDil": 898000000
  },
  {
    "date": "2025-09-30",
    "symbol": "MA",
    "reportedCurrency": "USD",
    "cik": "0001141391",
    "filingDate": "2025-10-30",
    "acceptedDate": "2025-10-30 10:14:27",
    "fiscalYear": "2025",
    "period": "Q3",
    "revenue": 8602000000,
    "costOfRevenue": 1893000000,
    "grossProfit": 6709000000,
    "researchAndDevelopmentExpenses": 0,
    "generalAndAdministrativeExpenses": 1403000000,
    "sellingAndMarketingExpenses": 245000000,
    "sellingGeneralAndAdministrativeExpenses": 1648000000,
    "otherExpenses": 0,
    "operatingExpenses": 1648000000,
    "costAndExpenses": 3541000000,
    "netInterestIncome": -186000000,
    "interestIncome": 0,
    "interestExpense": 186000000,
    "depreciationAndAmortization": 290000000,
    "ebitda": 5351000000,
    "ebit": 5061000000,
    "nonOperatingIncomeExcludingInterest": 6000000,
    "operatingIncome": 5061000000,
    "totalOtherIncomeExpensesNet": -62000000,
    "incomeBeforeTax": 4999000000,
    "incomeTaxExpense": 1072000000,
    "netIncomeFromContinuingOperations": 3927000000,
    "netIncomeFromDiscontinuedOperations": 0,
    "otherAdjustmentsToNetIncome": 0,
    "netIncome": 3927000000,
    "netIncomeDeductions": 0,
    "bottomLineNetIncome": 3927000000,
    "eps": 4.35,
    "epsDiluted": 4.34,
    "weightedAverageShsOut": 903000000,
    "weightedAverageShsOutDil": 905000000
  },
  {
    "date": "2025-06-30",
    "symbol": "MA",
    "reportedCurrency": "USD",
    "cik": "0001141391",
    "filingDate": "2025-07-31",
    "acceptedDate": "2025-07-31 10:16:14",
    "fiscalYear": "2025",
    "period": "Q2",
    "revenue": 8133000000,
    "costOfRevenue": 1852000000,
    "grossProfit": 6281000000,
    "researchAndDevelopmentExpenses": 0,
    "generalAndAdministrativeExpenses": 873000000,
    "sellingAndMarketingExpenses": 213000000,
    "sellingGeneralAndAdministrativeExpenses": 1086000000,
    "otherExpenses": 418000000,
    "operatingExpenses": 1504000000,
    "costAndExpenses": 3356000000,
    "netInterestIncome": -195000000,
    "interestIncome": 0,
    "interestExpense": 195000000,
    "depreciationAndAmortization": 281000000,
    "ebitda": 5148000000,
    "ebit": 4867000000,
    "nonOperatingIncomeExcludingInterest": -90000000,
    "operatingIncome": 4777000000,
    "totalOtherIncomeExpensesNet": -105000000,
    "incomeBeforeTax": 4672000000,
    "incomeTaxExpense": 971000000,
    "netIncomeFromContinuingOperations": 3701000000,
    "netIncomeFromDiscontinuedOperations": 0,
    "otherAdjustmentsToNetIncome": 0,
    "netIncome": 3701000000,
    "netIncomeDeductions": 0,
    "bottomLineNetIncome": 3701000000,
    "eps": 4.07,
    "epsDiluted": 4.07,
    "weightedAverageShsOut": 908000000,
    "weightedAverageShsOutDil": 909000000
  },
  {
    "date": "2025-03-31",
    "symbol": "MA",
    "reportedCurrency": "USD",
    "cik": "0001141391",
    "filingDate": "2025-05-01",
    "acceptedDate": "2025-05-01 10:14:31",
    "fiscalYear": "2025",
    "period": "Q1",
    "revenue": 7250000000,
    "costOfRevenue": 1688000000,
    "grossProfit": 5562000000,
    "researchAndDevelopmentExpenses": 0,
    "generalAndAdministrativeExpenses": 834000000,
    "sellingAndMarketingExpenses": 152000000,
    "sellingGeneralAndAdministrativeExpenses": 986000000,
    "otherExpenses": 427000000,
    "operatingExpenses": 1413000000,
    "costAndExpenses": 3101000000,
    "netInterestIncome": -182000000,
    "interestIncome": 0,
    "interestExpense": 182000000,
    "depreciationAndAmortization": 275000000,
    "ebitda": 4488000000,
    "ebit": 4213000000,
    "nonOperatingIncomeExcludingInterest": -64000000,
    "operatingIncome": 4149000000,
    "totalOtherIncomeExpensesNet": -118000000,
    "incomeBeforeTax": 4031000000,
    "incomeTaxExpense": 751000000,
    "netIncomeFromContinuingOperations": 3280000000,
    "netIncomeFromDiscontinuedOperations": 0,
    "otherAdjustmentsToNetIncome": 0,
    "netIncome": 3280000000,
    "netIncomeDeductions": 0,
    "bottomLineNetIncome": 3280000000,
    "eps": 3.6,
    "epsDiluted": 3.59,
    "weightedAverageShsOut": 912000000,
    "weightedAverageShsOutDil": 914000000
  },
  {
    "date": "2024-12-31",
    "symbol": "MA",
    "reportedCurrency": "USD",
    "cik": "0001141391",
    "filingDate": "2025-02-12",
    "acceptedDate": "2025-02-12 14:30:36",
    "fiscalYear": "2024",
    "period": "Q4",
    "revenue": 7489000000,
    "costOfRevenue": 1653000000,
    "grossProfit": 5836000000,
    "researchAndDevelopmentExpenses": 0,
    "generalAndAdministrativeExpenses": 1076000000,
    "sellingAndMarketingExpenses": 295000000,
    "sellingGeneralAndAdministrativeExpenses": 1371000000,
    "otherExpenses": 527000000,
    "operatingExpenses": 1898000000,
    "costAndExpenses": 3551000000,
    "netInterestIncome": -184000000,
    "interestIncome": 0,
    "interestExpense": 184000000,
    "depreciationAndAmortization": 231000000,
    "ebitda": 4306000000,
    "ebit": 4075000000,
    "nonOperatingIncomeExcludingInterest": -137000000,
    "operatingIncome": 3938000000,
    "totalOtherIncomeExpensesNet": -47000000,
    "incomeBeforeTax": 3891000000,
    "incomeTaxExpense": 549000000,
    "netIncomeFromContinuingOperations": 3342000000,
    "netIncomeFromDiscontinuedOperations": 0,
    "otherAdjustmentsToNetIncome": 0,
    "netIncome": 3342000000,
    "netIncomeDeductions": 0,
    "bottomLineNetIncome": 3342000000,
    "eps": 3.64,
    "epsDiluted": 3.64,
    "weightedAverageShsOut": 917000000,
    "weightedAverageShsOutDil": 919000000
  },
  {
    "date": "2024-09-30",
    "symbol": "MA",
    "reportedCurrency": "USD",
    "cik": "0001141391",
    "filingDate": "2024-10-31",
    "acceptedDate": "2024-10-31 10:27:36",
    "fiscalYear": "2024",
    "period": "Q3",
    "revenue": 7369000000,
    "costOfRevenue": 1899000000,
    "grossProfit": 5470000000,
    "researchAndDevelopmentExpenses": 0,
    "generalAndAdministrativeExpenses": 829000000,
    "sellingAndMarketingExpenses": 220000000,
    "sellingGeneralAndAdministrativeExpenses": 1049000000,
    "otherExpenses": 417000000,
    "operatingExpenses": 1466000000,
    "costAndExpenses": 3365000000,
    "netInterestIncome": -159000000,
    "interestIncome": 0,
    "interestExpense": 159000000,
    "depreciationAndAmortization": 225000000,
    "ebitda": 4250000000,
    "ebit": 4025000000,
    "nonOperatingIncomeExcludingInterest": -21000000,
    "operatingIncome": 4004000000,
    "totalOtherIncomeExpensesNet": -138000000,
    "incomeBeforeTax": 3866000000,
    "incomeTaxExpense": 603000000,
    "netIncomeFromContinuingOperations": 3263000000,
    "netIncomeFromDiscontinuedOperations": 0,
    "otherAdjustmentsToNetIncome": 0,
    "netIncome": 3263000000,
    "netIncomeDeductions": 0,
    "bottomLineNetIncome": 3263000000,
    "eps": 3.54,
    "epsDiluted": 3.53,
    "weightedAverageShsOut": 923000000,
    "weightedAverageShsOutDil": 925000000
  },
  {
    "date": "2024-06-30",
    "symbol": "MA",
    "reportedCurrency": "USD",
    "cik": "0001141391",
    "filingDate": "2024-07-31",
    "acceptedDate": "2024-07-31 10:19:22",
    "fiscalYear": "2024",
    "period": "Q2",
    "revenue": 6961000000,
    "costOfRevenue": 1607000000,
    "grossProfit": 5354000000,
    "researchAndDevelopmentExpenses": 0,
    "generalAndAdministrativeExpenses": 806000000,
    "sellingAndMarketingExpenses": 184000000,
    "sellingGeneralAndAdministrativeExpenses": 990000000,
    "otherExpenses": 328000000,
    "operatingExpenses": 1318000000,
    "costAndExpenses": 2925000000,
    "netInterestIncome": -153000000,
    "interestIncome": 0,
    "interestExpense": 153000000,
    "depreciationAndAmortization": 225000000,
    "ebitda": 4317000000,
    "ebit": 4092000000,
    "nonOperatingIncomeExcludingInterest": -56000000,
    "operatingIncome": 4036000000,
    "totalOtherIncomeExpensesNet": -97000000,
    "incomeBeforeTax": 3939000000,
    "incomeTaxExpense": 681000000,
    "netIncomeFromContinuingOperations": 3258000000,
    "netIncomeFromDiscontinuedOperations": 0,
    "otherAdjustmentsToNetIncome": 0,
    "netIncome": 3258000000,
    "netIncomeDeductions": 0,
    "bottomLineNetIncome": 3258000000,
    "eps": 3.51,
    "epsDiluted": 3.5,
    "weightedAverageShsOut": 929000000,
    "weightedAverageShsOutDil": 930000000
  },
  {
    "date": "2024-03-31",
    "symbol": "MA",
    "reportedCurrency": "USD",
    "cik": "0001141391",
    "filingDate": "2024-05-01",
    "acceptedDate": "2024-05-01 10:22:38",
    "fiscalYear": "2024",
    "period": "Q1",
    "revenue": 6348000000,
    "costOfRevenue": 1514000000,
    "grossProfit": 4834000000,
    "researchAndDevelopmentExpenses": 0,
    "generalAndAdministrativeExpenses": 744000000,
    "sellingAndMarketingExpenses": 116000000,
    "sellingGeneralAndAdministrativeExpenses": 860000000,
    "otherExpenses": 370000000,
    "operatingExpenses": 1230000000,
    "costAndExpenses": 2744000000,
    "netInterestIncome": -150000000,
    "interestIncome": 0,
    "interestExpense": 150000000,
    "depreciationAndAmortization": 216000000,
    "ebitda": 3924000000,
    "ebit": 3708000000,
    "nonOperatingIncomeExcludingInterest": -104000000,
    "operatingIncome": 3604000000,
    "totalOtherIncomeExpensesNet": -46000000,
    "incomeBeforeTax": 3558000000,
    "incomeTaxExpense": 547000000,
    "netIncomeFromContinuingOperations": 3011000000,
    "netIncomeFromDiscontinuedOperations": 0,
    "otherAdjustmentsToNetIncome": 0,
    "netIncome": 3011000000,
    "netIncomeDeductions": 0,
    "bottomLineNetIncome": 3011000000,
    "eps": 3.23,
    "epsDiluted": 3.22,
    "weightedAverageShsOut": 933000000,
    "weightedAverageShsOutDil": 935000000
  },
  {
    "date": "2023-12-31",
    "symbol": "MA",
    "reportedCurrency": "USD",
    "cik": "0001141391",
    "filingDate": "2024-02-13",
    "acceptedDate": "2024-02-13 12:47:32",
    "fiscalYear": "2023",
    "period": "Q4",
    "revenue": 6548000000,
    "costOfRevenue": 1528000000,
    "grossProfit": 5020000000,
    "researchAndDevelopmentExpenses": 0,
    "generalAndAdministrativeExpenses": 853000000,
    "sellingAndMarketingExpenses": 264000000,
    "sellingGeneralAndAdministrativeExpenses": 1117000000,
    "otherExpenses": 531000000,
    "operatingExpenses": 1648000000,
    "costAndExpenses": 3176000000,
    "netInterestIncome": -148000000,
    "interestIncome": 0,
    "interestExpense": 148000000,
    "depreciationAndAmortization": 205000000,
    "ebitda": 3674000000,
    "ebit": 3469000000,
    "nonOperatingIncomeExcludingInterest": -97000000,
    "operatingIncome": 3372000000,
    "totalOtherIncomeExpensesNet": -51000000,
    "incomeBeforeTax": 3321000000,
    "incomeTaxExpense": 530000000,
    "netIncomeFromContinuingOperations": 2791000000,
    "netIncomeFromDiscontinuedOperations": 0,
    "otherAdjustmentsToNetIncome": 0,
    "netIncome": 2791000000,
    "netIncomeDeductions": 0,
    "bottomLineNetIncome": 2791000000,
    "eps": 2.98,
    "epsDiluted": 2.97,
    "weightedAverageShsOut": 936000000,
    "weightedAverageShsOutDil": 939000000
  },
  {
    "date": "2023-09-30",
    "symbol": "MA",
    "reportedCurrency": "USD",
    "cik": "0001141391",
    "filingDate": "2023-10-26",
    "acceptedDate": "2023-10-26 10:11:53",
    "fiscalYear": "2023",
    "period": "Q3",
    "revenue": 6533000000,
    "costOfRevenue": 1573000000,
    "grossProfit": 4960000000,
    "researchAndDevelopmentExpenses": 0,
    "generalAndAdministrativeExpenses": 687000000,
    "sellingAndMarketingExpenses": 193000000,
    "sellingGeneralAndAdministrativeExpenses": 880000000,
    "otherExpenses": 236000000,
    "operatingExpenses": 1116000000,
    "costAndExpenses": 2689000000,
    "netInterestIncome": -151000000,
    "interestIncome": 0,
    "interestExpense": 151000000,
    "depreciationAndAmortization": 211000000,
    "ebitda": 4123000000,
    "ebit": 3912000000,
    "nonOperatingIncomeExcludingInterest": -68000000,
    "operatingIncome": 3844000000,
    "totalOtherIncomeExpensesNet": -83000000,
    "incomeBeforeTax": 3761000000,
    "incomeTaxExpense": 563000000,
    "netIncomeFromContinuingOperations": 3198000000,
    "netIncomeFromDiscontinuedOperations": 0,
    "otherAdjustmentsToNetIncome": 0,
    "netIncome": 3198000000,
    "netIncomeDeductions": 0,
    "bottomLineNetIncome": 3198000000,
    "eps": 3.4,
    "epsDiluted": 3.39,
    "weightedAverageShsOut": 941000000,
    "weightedAverageShsOutDil": 943000000
  },
  {
    "date": "2023-06-30",
    "symbol": "MA",
    "reportedCurrency": "USD",
    "cik": "0001141391",
    "filingDate": "2023-07-27",
    "acceptedDate": "2023-07-27 10:19:39",
    "fiscalYear": "2023",
    "period": "Q2",
    "revenue": 6269000000,
    "costOfRevenue": 1495000000,
    "grossProfit": 4774000000,
    "researchAndDevelopmentExpenses": 0,
    "generalAndAdministrativeExpenses": 681000000,
    "sellingAndMarketingExpenses": 201000000,
    "sellingGeneralAndAdministrativeExpenses": 882000000,
    "otherExpenses": 236000000,
    "operatingExpenses": 1118000000,
    "costAndExpenses": 2613000000,
    "netInterestIncome": -144000000,
    "interestIncome": 0,
    "interestExpense": 144000000,
    "depreciationAndAmortization": 192000000,
    "ebitda": 4040000000,
    "ebit": 3848000000,
    "nonOperatingIncomeExcludingInterest": -192000000,
    "operatingIncome": 3656000000,
    "totalOtherIncomeExpensesNet": 48000000,
    "incomeBeforeTax": 3704000000,
    "incomeTaxExpense": 859000000,
    "netIncomeFromContinuingOperations": 2845000000,
    "netIncomeFromDiscontinuedOperations": 0,
    "otherAdjustmentsToNetIncome": 0,
    "netIncome": 2845000000,
    "netIncomeDeductions": 0,
    "bottomLineNetIncome": 2845000000,
    "eps": 3.01,
    "epsDiluted": 3,
    "weightedAverageShsOut": 946000000,
    "weightedAverageShsOutDil": 949000000
  },
  {
    "date": "2023-03-31",
    "symbol": "MA",
    "reportedCurrency": "USD",
    "cik": "0001141391",
    "filingDate": "2023-04-27",
    "acceptedDate": "2023-04-27 10:45:20",
    "fiscalYear": "2023",
    "period": "Q1",
    "revenue": 5748000000,
    "costOfRevenue": 1426000000,
    "grossProfit": 4322000000,
    "researchAndDevelopmentExpenses": 0,
    "generalAndAdministrativeExpenses": 601000000,
    "sellingAndMarketingExpenses": 167000000,
    "sellingGeneralAndAdministrativeExpenses": 768000000,
    "otherExpenses": 418000000,
    "operatingExpenses": 1186000000,
    "costAndExpenses": 2612000000,
    "netInterestIncome": -132000000,
    "interestIncome": 0,
    "interestExpense": 132000000,
    "depreciationAndAmortization": 191000000,
    "ebitda": 3176000000,
    "ebit": 2985000000,
    "nonOperatingIncomeExcludingInterest": 151000000,
    "operatingIncome": 3136000000,
    "totalOtherIncomeExpensesNet": -283000000,
    "incomeBeforeTax": 2853000000,
    "incomeTaxExpense": 492000000,
    "netIncomeFromContinuingOperations": 2361000000,
    "netIncomeFromDiscontinuedOperations": 0,
    "otherAdjustmentsToNetIncome": 0,
    "netIncome": 2361000000,
    "netIncomeDeductions": 0,
    "bottomLineNetIncome": 2361000000,
    "eps": 2.48,
    "epsDiluted": 2.47,
    "weightedAverageShsOut": 953000000,
    "weightedAverageShsOutDil": 956000000
  },
  {
    "date": "2022-12-31",
    "symbol": "MA",
    "reportedCurrency": "USD",
    "cik": "0001141391",
    "filingDate": "2023-02-14",
    "acceptedDate": "2023-02-14 16:48:22",
    "fiscalYear": "2022",
    "period": "Q4",
    "revenue": 5817000000,
    "costOfRevenue": 1381000000,
    "grossProfit": 4436000000,
    "researchAndDevelopmentExpenses": 0,
    "generalAndAdministrativeExpenses": 844000000,
    "sellingAndMarketingExpenses": 216000000,
    "sellingGeneralAndAdministrativeExpenses": 1060000000,
    "otherExpenses": 192000000,
    "operatingExpenses": 1252000000,
    "costAndExpenses": 2633000000,
    "netInterestIncome": -127000000,
    "interestIncome": 0,
    "interestExpense": 127000000,
    "depreciationAndAmortization": 184000000,
    "ebitda": 3400000000,
    "ebit": 3216000000,
    "nonOperatingIncomeExcludingInterest": -32000000,
    "operatingIncome": 3184000000,
    "totalOtherIncomeExpensesNet": -95000000,
    "incomeBeforeTax": 3089000000,
    "incomeTaxExpense": 564000000,
    "netIncomeFromContinuingOperations": 2525000000,
    "netIncomeFromDiscontinuedOperations": 0,
    "otherAdjustmentsToNetIncome": 0,
    "netIncome": 2525000000,
    "netIncomeDeductions": 0,
    "bottomLineNetIncome": 2525000000,
    "eps": 2.63,
    "epsDiluted": 2.62,
    "weightedAverageShsOut": 960000000,
    "weightedAverageShsOutDil": 963000000
  },
  {
    "date": "2022-09-30",
    "symbol": "MA",
    "reportedCurrency": "USD",
    "cik": "0001141391",
    "filingDate": "2022-10-27",
    "acceptedDate": "2022-10-27 10:06:30",
    "fiscalYear": "2022",
    "period": "Q3",
    "revenue": 5756000000,
    "costOfRevenue": 1382000000,
    "grossProfit": 4374000000,
    "researchAndDevelopmentExpenses": 0,
    "generalAndAdministrativeExpenses": 649000000,
    "sellingAndMarketingExpenses": 182000000,
    "sellingGeneralAndAdministrativeExpenses": 831000000,
    "otherExpenses": 431000000,
    "operatingExpenses": 1262000000,
    "costAndExpenses": 2644000000,
    "netInterestIncome": -120000000,
    "interestIncome": 0,
    "interestExpense": 120000000,
    "depreciationAndAmortization": 185000000,
    "ebitda": 3377000000,
    "ebit": 3192000000,
    "nonOperatingIncomeExcludingInterest": -80000000,
    "operatingIncome": 3112000000,
    "totalOtherIncomeExpensesNet": -40000000,
    "incomeBeforeTax": 3072000000,
    "incomeTaxExpense": 573000000,
    "netIncomeFromContinuingOperations": 2499000000,
    "netIncomeFromDiscontinuedOperations": 0,
    "otherAdjustmentsToNetIncome": 0,
    "netIncome": 2499000000,
    "netIncomeDeductions": 0,
    "bottomLineNetIncome": 2499000000,
    "eps": 2.59,
    "epsDiluted": 2.58,
    "weightedAverageShsOut": 965000000,
    "weightedAverageShsOutDil": 968000000
  },
  {
    "date": "2022-06-30",
    "symbol": "MA",
    "reportedCurrency": "USD",
    "cik": "0001141391",
    "filingDate": "2022-07-28",
    "acceptedDate": "2022-07-28 13:25:14",
    "fiscalYear": "2022",
    "period": "Q2",
    "revenue": 5497000000,
    "costOfRevenue": 1319000000,
    "grossProfit": 4178000000,
    "researchAndDevelopmentExpenses": 0,
    "generalAndAdministrativeExpenses": 593000000,
    "sellingAndMarketingExpenses": 210000000,
    "sellingGeneralAndAdministrativeExpenses": 803000000,
    "otherExpenses": 357000000,
    "operatingExpenses": 1160000000,
    "costAndExpenses": 2479000000,
    "netInterestIncome": -114000000,
    "interestIncome": 0,
    "interestExpense": 114000000,
    "depreciationAndAmortization": 189000000,
    "ebitda": 3101000000,
    "ebit": 2912000000,
    "nonOperatingIncomeExcludingInterest": 106000000,
    "operatingIncome": 3018000000,
    "totalOtherIncomeExpensesNet": -220000000,
    "incomeBeforeTax": 2798000000,
    "incomeTaxExpense": 523000000,
    "netIncomeFromContinuingOperations": 2275000000,
    "netIncomeFromDiscontinuedOperations": 0,
    "otherAdjustmentsToNetIncome": 0,
    "netIncome": 2275000000,
    "netIncomeDeductions": 0,
    "bottomLineNetIncome": 2275000000,
    "eps": 2.34,
    "epsDiluted": 2.34,
    "weightedAverageShsOut": 971000000,
    "weightedAverageShsOutDil": 974000000
  },
  {
    "date": "2022-03-31",
    "symbol": "MA",
    "reportedCurrency": "USD",
    "cik": "0001141391",
    "filingDate": "2022-04-28",
    "acceptedDate": "2022-04-28 10:16:49",
    "fiscalYear": "2022",
    "period": "Q1",
    "revenue": 5167000000,
    "costOfRevenue": 1181000000,
    "grossProfit": 3986000000,
    "researchAndDevelopmentExpenses": 0,
    "generalAndAdministrativeExpenses": 627000000,
    "sellingAndMarketingExpenses": 181000000,
    "sellingGeneralAndAdministrativeExpenses": 808000000,
    "otherExpenses": 228000000,
    "operatingExpenses": 1036000000,
    "costAndExpenses": 2217000000,
    "netInterestIncome": -110000000,
    "interestIncome": 0,
    "interestExpense": 110000000,
    "depreciationAndAmortization": 192000000,
    "ebitda": 3075000000,
    "ebit": 2883000000,
    "nonOperatingIncomeExcludingInterest": 67000000,
    "operatingIncome": 2950000000,
    "totalOtherIncomeExpensesNet": -177000000,
    "incomeBeforeTax": 2773000000,
    "incomeTaxExpense": 142000000,
    "netIncomeFromContinuingOperations": 2631000000,
    "netIncomeFromDiscontinuedOperations": 0,
    "otherAdjustmentsToNetIncome": 0,
    "netIncome": 2631000000,
    "netIncomeDeductions": 0,
    "bottomLineNetIncome": 2631000000,
    "eps": 2.69,
    "epsDiluted": 2.68,
    "weightedAverageShsOut": 977000000,
    "weightedAverageShsOutDil": 981000000
  },
  {
    "date": "2021-12-31",
    "symbol": "MA",
    "reportedCurrency": "USD",
    "cik": "0001141391",
    "filingDate": "2022-02-11",
    "acceptedDate": "2022-02-11 09:52:16",
    "fiscalYear": "2021",
    "period": "Q4",
    "revenue": 5216000000,
    "costOfRevenue": 1089000000,
    "grossProfit": 4127000000,
    "researchAndDevelopmentExpenses": 0,
    "generalAndAdministrativeExpenses": 757000000,
    "sellingAndMarketingExpenses": 338000000,
    "sellingGeneralAndAdministrativeExpenses": 1095000000,
    "otherExpenses": 205000000,
    "operatingExpenses": 1300000000,
    "costAndExpenses": 2389000000,
    "netInterestIncome": -108000000,
    "interestIncome": 0,
    "interestExpense": 108000000,
    "depreciationAndAmortization": 189000000,
    "ebitda": 3120000000,
    "ebit": 2931000000,
    "nonOperatingIncomeExcludingInterest": -104000000,
    "operatingIncome": 2827000000,
    "totalOtherIncomeExpensesNet": -4000000,
    "incomeBeforeTax": 2823000000,
    "incomeTaxExpense": 444000000,
    "netIncomeFromContinuingOperations": 2379000000,
    "netIncomeFromDiscontinuedOperations": 0,
    "otherAdjustmentsToNetIncome": 0,
    "netIncome": 2379000000,
    "netIncomeDeductions": 0,
    "bottomLineNetIncome": 2379000000,
    "eps": 2.42,
    "epsDiluted": 2.41,
    "weightedAverageShsOut": 982000000,
    "weightedAverageShsOutDil": 986000000
  },
  {
    "date": "2021-09-30",
    "symbol": "MA",
    "reportedCurrency": "USD",
    "cik": "0001141391",
    "filingDate": "2021-10-28",
    "acceptedDate": "2021-10-28 10:12:34",
    "fiscalYear": "2021",
    "period": "Q3",
    "revenue": 4985000000,
    "costOfRevenue": 1166000000,
    "grossProfit": 3819000000,
    "researchAndDevelopmentExpenses": 0,
    "generalAndAdministrativeExpenses": 646000000,
    "sellingAndMarketingExpenses": 222000000,
    "sellingGeneralAndAdministrativeExpenses": 868000000,
    "otherExpenses": 234000000,
    "operatingExpenses": 1102000000,
    "costAndExpenses": 2268000000,
    "netInterestIncome": -110000000,
    "interestIncome": 0,
    "interestExpense": 110000000,
    "depreciationAndAmortization": 188000000,
    "ebitda": 3114000000,
    "ebit": 2926000000,
    "nonOperatingIncomeExcludingInterest": -209000000,
    "operatingIncome": 2717000000,
    "totalOtherIncomeExpensesNet": 99000000,
    "incomeBeforeTax": 2816000000,
    "incomeTaxExpense": 402000000,
    "netIncomeFromContinuingOperations": 2414000000,
    "netIncomeFromDiscontinuedOperations": 0,
    "otherAdjustmentsToNetIncome": 0,
    "netIncome": 2414000000,
    "netIncomeDeductions": 0,
    "bottomLineNetIncome": 2414000000,
    "eps": 2.45,
    "epsDiluted": 2.44,
    "weightedAverageShsOut": 986000000,
    "weightedAverageShsOutDil": 990000000
  },
  {
    "date": "2021-06-30",
    "symbol": "MA",
    "reportedCurrency": "USD",
    "cik": "0001141391",
    "filingDate": "2021-07-29",
    "acceptedDate": "2021-07-29 10:27:00",
    "fiscalYear": "2021",
    "period": "Q2",
    "revenue": 4528000000,
    "costOfRevenue": 1130000000,
    "grossProfit": 3398000000,
    "researchAndDevelopmentExpenses": 0,
    "generalAndAdministrativeExpenses": 580000000,
    "sellingAndMarketingExpenses": 216000000,
    "sellingGeneralAndAdministrativeExpenses": 796000000,
    "otherExpenses": 261000000,
    "operatingExpenses": 1057000000,
    "costAndExpenses": 2187000000,
    "netInterestIncome": -106000000,
    "interestIncome": 0,
    "interestExpense": 106000000,
    "depreciationAndAmortization": 186000000,
    "ebitda": 2770000000,
    "ebit": 2584000000,
    "nonOperatingIncomeExcludingInterest": -243000000,
    "operatingIncome": 2341000000,
    "totalOtherIncomeExpensesNet": 137000000,
    "incomeBeforeTax": 2478000000,
    "incomeTaxExpense": 412000000,
    "netIncomeFromContinuingOperations": 2066000000,
    "netIncomeFromDiscontinuedOperations": 0,
    "otherAdjustmentsToNetIncome": 0,
    "netIncome": 2066000000,
    "netIncomeDeductions": 0,
    "bottomLineNetIncome": 2066000000,
    "eps": 2.09,
    "epsDiluted": 2.08,
    "weightedAverageShsOut": 990000000,
    "weightedAverageShsOutDil": 994000000
  },
  {
    "date": "2021-03-31",
    "symbol": "MA",
    "reportedCurrency": "USD",
    "cik": "0001141391",
    "filingDate": "2021-04-29",
    "acceptedDate": "2021-04-29 10:12:52",
    "fiscalYear": "2021",
    "period": "Q1",
    "revenue": 4155000000,
    "costOfRevenue": 1104000000,
    "grossProfit": 3051000000,
    "researchAndDevelopmentExpenses": 0,
    "generalAndAdministrativeExpenses": 564000000,
    "sellingAndMarketingExpenses": 119000000,
    "sellingGeneralAndAdministrativeExpenses": 683000000,
    "otherExpenses": 171000000,
    "operatingExpenses": 854000000,
    "costAndExpenses": 1958000000,
    "netInterestIncome": -107000000,
    "interestIncome": 0,
    "interestExpense": 107000000,
    "depreciationAndAmortization": 163000000,
    "ebitda": 2460000000,
    "ebit": 2297000000,
    "nonOperatingIncomeExcludingInterest": -100000000,
    "operatingIncome": 2197000000,
    "totalOtherIncomeExpensesNet": -7000000,
    "incomeBeforeTax": 2190000000,
    "incomeTaxExpense": 362000000,
    "netIncomeFromContinuingOperations": 1828000000,
    "netIncomeFromDiscontinuedOperations": 0,
    "otherAdjustmentsToNetIncome": 0,
    "netIncome": 1828000000,
    "netIncomeDeductions": 0,
    "bottomLineNetIncome": 1828000000,
    "eps": 1.84,
    "epsDiluted": 1.83,
    "weightedAverageShsOut": 994000000,
    "weightedAverageShsOutDil": 998000000
  },
  {
    "date": "2020-12-31",
    "symbol": "MA",
    "reportedCurrency": "USD",
    "cik": "0001141391",
    "filingDate": "2021-02-12",
    "acceptedDate": "2021-02-12 10:44:10",
    "fiscalYear": "2020",
    "period": "Q4",
    "revenue": 4120000000,
    "costOfRevenue": 970000000,
    "grossProfit": 3150000000,
    "researchAndDevelopmentExpenses": 0,
    "generalAndAdministrativeExpenses": 636000000,
    "sellingAndMarketingExpenses": 242000000,
    "sellingGeneralAndAdministrativeExpenses": 878000000,
    "otherExpenses": 214000000,
    "operatingExpenses": 1092000000,
    "costAndExpenses": 2062000000,
    "netInterestIncome": -105000000,
    "interestIncome": 0,
    "interestExpense": 105000000,
    "depreciationAndAmortization": 150000000,
    "ebitda": 2423000000,
    "ebit": 2273000000,
    "nonOperatingIncomeExcludingInterest": -215000000,
    "operatingIncome": 2058000000,
    "totalOtherIncomeExpensesNet": 110000000,
    "incomeBeforeTax": 2168000000,
    "incomeTaxExpense": 383000000,
    "netIncomeFromContinuingOperations": 1785000000,
    "netIncomeFromDiscontinuedOperations": 0,
    "otherAdjustmentsToNetIncome": 0,
    "netIncome": 1785000000,
    "netIncomeDeductions": 0,
    "bottomLineNetIncome": 1785000000,
    "eps": 1.79,
    "epsDiluted": 1.78,
    "weightedAverageShsOut": 996000014,
    "weightedAverageShsOutDil": 1001000015
  },
  {
    "date": "2020-09-30",
    "symbol": "MA",
    "reportedCurrency": "USD",
    "cik": "0001141391",
    "filingDate": "2020-10-28",
    "acceptedDate": "2020-10-28 10:14:35",
    "fiscalYear": "2020",
    "period": "Q3",
    "revenue": 3837000000,
    "costOfRevenue": 940000000,
    "grossProfit": 2897000000,
    "researchAndDevelopmentExpenses": 0,
    "generalAndAdministrativeExpenses": 460000000,
    "sellingAndMarketingExpenses": 168000000,
    "sellingGeneralAndAdministrativeExpenses": 628000000,
    "otherExpenses": 164000000,
    "operatingExpenses": 792000000,
    "costAndExpenses": 1732000000,
    "netInterestIncome": -105000000,
    "interestIncome": 0,
    "interestExpense": 105000000,
    "depreciationAndAmortization": 141000000,
    "ebitda": 2161000000,
    "ebit": 2020000000,
    "nonOperatingIncomeExcludingInterest": 85000000,
    "operatingIncome": 2105000000,
    "totalOtherIncomeExpensesNet": -190000000,
    "incomeBeforeTax": 1915000000,
    "incomeTaxExpense": 402000000,
    "netIncomeFromContinuingOperations": 1513000000,
    "netIncomeFromDiscontinuedOperations": 0,
    "otherAdjustmentsToNetIncome": 0,
    "netIncome": 1513000000,
    "netIncomeDeductions": 0,
    "bottomLineNetIncome": 1513000000,
    "eps": 1.51,
    "epsDiluted": 1.51,
    "weightedAverageShsOut": 1001000000,
    "weightedAverageShsOutDil": 1005000000
  },
  {
    "date": "2020-06-30",
    "symbol": "MA",
    "reportedCurrency": "USD",
    "cik": "0001141391",
    "filingDate": "2020-07-30",
    "acceptedDate": "2020-07-30 18:21:41",
    "fiscalYear": "2020",
    "period": "Q2",
    "revenue": 3335000000,
    "costOfRevenue": 915000000,
    "grossProfit": 2420000000,
    "researchAndDevelopmentExpenses": 0,
    "generalAndAdministrativeExpenses": 434000000,
    "sellingAndMarketingExpenses": 93000000,
    "sellingGeneralAndAdministrativeExpenses": 527000000,
    "otherExpenses": 186000000,
    "operatingExpenses": 713000000,
    "costAndExpenses": 1628000000,
    "netInterestIncome": -101000000,
    "interestIncome": 0,
    "interestExpense": 101000000,
    "depreciationAndAmortization": 145000000,
    "ebitda": 1936000000,
    "ebit": 1791000000,
    "nonOperatingIncomeExcludingInterest": -84000000,
    "operatingIncome": 1707000000,
    "totalOtherIncomeExpensesNet": -17000000,
    "incomeBeforeTax": 1690000000,
    "incomeTaxExpense": 270000000,
    "netIncomeFromContinuingOperations": 1420000000,
    "netIncomeFromDiscontinuedOperations": 0,
    "otherAdjustmentsToNetIncome": 0,
    "netIncome": 1420000000,
    "netIncomeDeductions": 0,
    "bottomLineNetIncome": 1420000000,
    "eps": 1.41,
    "epsDiluted": 1.41,
    "weightedAverageShsOut": 1004000000,
    "weightedAverageShsOutDil": 1008000000
  },
  {
    "date": "2020-03-31",
    "symbol": "MA",
    "reportedCurrency": "USD",
    "cik": "0001141391",
    "filingDate": "2020-04-29",
    "acceptedDate": "2020-04-29 11:13:34",
    "fiscalYear": "2020",
    "period": "Q1",
    "revenue": 4009000000,
    "costOfRevenue": 962000000,
    "grossProfit": 3047000000,
    "researchAndDevelopmentExpenses": 0,
    "generalAndAdministrativeExpenses": 584000000,
    "sellingAndMarketingExpenses": 154000000,
    "sellingGeneralAndAdministrativeExpenses": 738000000,
    "otherExpenses": 98000000,
    "operatingExpenses": 836000000,
    "costAndExpenses": 1798000000,
    "netInterestIncome": -69000000,
    "interestIncome": 0,
    "interestExpense": 69000000,
    "depreciationAndAmortization": 144000000,
    "ebitda": 2200000000,
    "ebit": 2056000000,
    "nonOperatingIncomeExcludingInterest": 155000000,
    "operatingIncome": 2211000000,
    "totalOtherIncomeExpensesNet": -224000000,
    "incomeBeforeTax": 1987000000,
    "incomeTaxExpense": 294000000,
    "netIncomeFromContinuingOperations": 1693000000,
    "netIncomeFromDiscontinuedOperations": 0,
    "otherAdjustmentsToNetIncome": 0,
    "netIncome": 1693000000,
    "netIncomeDeductions": 0,
    "bottomLineNetIncome": 1693000000,
    "eps": 1.68,
    "epsDiluted": 1.68,
    "weightedAverageShsOut": 1005000000,
    "weightedAverageShsOutDil": 1010000000
  },
  {
    "date": "2019-12-31",
    "symbol": "MA",
    "reportedCurrency": "USD",
    "cik": "0001141391",
    "filingDate": "2020-02-14",
    "acceptedDate": "2020-02-14 09:29:40",
    "fiscalYear": "2019",
    "period": "Q4",
    "revenue": 4414000000,
    "costOfRevenue": 936000000,
    "grossProfit": 3478000000,
    "researchAndDevelopmentExpenses": 0,
    "generalAndAdministrativeExpenses": 623000000,
    "sellingAndMarketingExpenses": 290000000,
    "sellingGeneralAndAdministrativeExpenses": 913000000,
    "otherExpenses": 166000000,
    "operatingExpenses": 1079000000,
    "costAndExpenses": 2015000000,
    "netInterestIncome": -64000000,
    "interestIncome": 0,
    "interestExpense": 64000000,
    "depreciationAndAmortization": 146000000,
    "ebitda": 2685000000,
    "ebit": 2539000000,
    "nonOperatingIncomeExcludingInterest": -140000000,
    "operatingIncome": 2399000000,
    "totalOtherIncomeExpensesNet": 76000000,
    "incomeBeforeTax": 2475000000,
    "incomeTaxExpense": 375000000,
    "netIncomeFromContinuingOperations": 2100000000,
    "netIncomeFromDiscontinuedOperations": 0,
    "otherAdjustmentsToNetIncome": 0,
    "netIncome": 2100000000,
    "netIncomeDeductions": 0,
    "bottomLineNetIncome": 2100000000,
    "eps": 2.08,
    "epsDiluted": 2.07,
    "weightedAverageShsOut": 1008000015,
    "weightedAverageShsOutDil": 1013000015
  },
  {
    "date": "2019-09-30",
    "symbol": "MA",
    "reportedCurrency": "USD",
    "cik": "0001141391",
    "filingDate": "2019-10-29",
    "acceptedDate": "2019-10-29 10:17:11",
    "fiscalYear": "2019",
    "period": "Q3",
    "revenue": 4467000000,
    "costOfRevenue": 937000000,
    "grossProfit": 3530000000,
    "researchAndDevelopmentExpenses": 0,
    "generalAndAdministrativeExpenses": 513000000,
    "sellingAndMarketingExpenses": 227000000,
    "sellingGeneralAndAdministrativeExpenses": 740000000,
    "otherExpenses": 135000000,
    "operatingExpenses": 875000000,
    "costAndExpenses": 1812000000,
    "netInterestIncome": -63000000,
    "interestIncome": 0,
    "interestExpense": 63000000,
    "depreciationAndAmortization": 137000000,
    "ebitda": 2734000000,
    "ebit": 2597000000,
    "nonOperatingIncomeExcludingInterest": 58000000,
    "operatingIncome": 2655000000,
    "totalOtherIncomeExpensesNet": -121000000,
    "incomeBeforeTax": 2534000000,
    "incomeTaxExpense": 426000000,
    "netIncomeFromContinuingOperations": 2108000000,
    "netIncomeFromDiscontinuedOperations": 0,
    "otherAdjustmentsToNetIncome": 0,
    "netIncome": 2108000000,
    "netIncomeDeductions": 0,
    "bottomLineNetIncome": 2108000000,
    "eps": 2.08,
    "epsDiluted": 2.07,
    "weightedAverageShsOut": 1013000015,
    "weightedAverageShsOutDil": 1019000015
  },
  {
    "date": "2019-06-30",
    "symbol": "MA",
    "reportedCurrency": "USD",
    "cik": "0001141391",
    "filingDate": "2019-07-30",
    "acceptedDate": "2019-07-30 10:26:01",
    "fiscalYear": "2019",
    "period": "Q2",
    "revenue": 4113000000,
    "costOfRevenue": 853000000,
    "grossProfit": 3260000000,
    "researchAndDevelopmentExpenses": 0,
    "generalAndAdministrativeExpenses": 503000000,
    "sellingAndMarketingExpenses": 225000000,
    "sellingGeneralAndAdministrativeExpenses": 728000000,
    "otherExpenses": 135000000,
    "operatingExpenses": 863000000,
    "costAndExpenses": 1716000000,
    "netInterestIncome": -51000000,
    "interestIncome": 0,
    "interestExpense": 51000000,
    "depreciationAndAmortization": 122000000,
    "ebitda": 2692000000,
    "ebit": 2570000000,
    "nonOperatingIncomeExcludingInterest": -173000000,
    "operatingIncome": 2397000000,
    "totalOtherIncomeExpensesNet": 122000000,
    "incomeBeforeTax": 2519000000,
    "incomeTaxExpense": 471000000,
    "netIncomeFromContinuingOperations": 2048000000,
    "netIncomeFromDiscontinuedOperations": 0,
    "otherAdjustmentsToNetIncome": 0,
    "netIncome": 2048000000,
    "netIncomeDeductions": 0,
    "bottomLineNetIncome": 2048000000,
    "eps": 2.01,
    "epsDiluted": 2,
    "weightedAverageShsOut": 1020000015,
    "weightedAverageShsOutDil": 1025000015
  },
  {
    "date": "2019-03-31",
    "symbol": "MA",
    "reportedCurrency": "USD",
    "cik": "0001141391",
    "filingDate": "2019-04-30",
    "acceptedDate": "2019-04-30 10:11:52",
    "fiscalYear": "2019",
    "period": "Q1",
    "revenue": 3889000000,
    "costOfRevenue": 811000000,
    "grossProfit": 3078000000,
    "researchAndDevelopmentExpenses": 0,
    "generalAndAdministrativeExpenses": 555000000,
    "sellingAndMarketingExpenses": 192000000,
    "sellingGeneralAndAdministrativeExpenses": 747000000,
    "otherExpenses": 118000000,
    "operatingExpenses": 865000000,
    "costAndExpenses": 1676000000,
    "netInterestIncome": -46000000,
    "interestIncome": 0,
    "interestExpense": 46000000,
    "depreciationAndAmortization": 117000000,
    "ebitda": 2366000000,
    "ebit": 2249000000,
    "nonOperatingIncomeExcludingInterest": -36000000,
    "operatingIncome": 2213000000,
    "totalOtherIncomeExpensesNet": -10000000,
    "incomeBeforeTax": 2203000000,
    "incomeTaxExpense": 341000000,
    "netIncomeFromContinuingOperations": 1862000000,
    "netIncomeFromDiscontinuedOperations": 0,
    "otherAdjustmentsToNetIncome": 0,
    "netIncome": 1862000000,
    "netIncomeDeductions": 0,
    "bottomLineNetIncome": 1862000000,
    "eps": 1.81,
    "epsDiluted": 1.8,
    "weightedAverageShsOut": 1026000015,
    "weightedAverageShsOutDil": 1032000015
  },
  {
    "date": "2018-12-31",
    "symbol": "MA",
    "reportedCurrency": "USD",
    "cik": "0001141391",
    "filingDate": "2019-02-13",
    "acceptedDate": "2019-02-13 10:03:54",
    "fiscalYear": "2018",
    "period": "Q4",
    "revenue": 3807000000,
    "costOfRevenue": 843000000,
    "grossProfit": 2964000000,
    "researchAndDevelopmentExpenses": 0,
    "generalAndAdministrativeExpenses": 654000000,
    "sellingAndMarketingExpenses": 213000000,
    "sellingGeneralAndAdministrativeExpenses": 867000000,
    "otherExpenses": 863000000,
    "operatingExpenses": 1730000000,
    "costAndExpenses": 2573000000,
    "netInterestIncome": -47000000,
    "interestIncome": 0,
    "interestExpense": 47000000,
    "depreciationAndAmortization": 113000000,
    "ebitda": 1375000000,
    "ebit": 1262000000,
    "nonOperatingIncomeExcludingInterest": -28000000,
    "operatingIncome": 1234000000,
    "totalOtherIncomeExpensesNet": -19000000,
    "incomeBeforeTax": 1215000000,
    "incomeTaxExpense": 316000000,
    "netIncomeFromContinuingOperations": 899000000,
    "netIncomeFromDiscontinuedOperations": 0,
    "otherAdjustmentsToNetIncome": 0,
    "netIncome": 899000000,
    "netIncomeDeductions": 0,
    "bottomLineNetIncome": 899000000,
    "eps": 0.87,
    "epsDiluted": 0.87,
    "weightedAverageShsOut": 1032000015,
    "weightedAverageShsOutDil": 1038000015
  },
  {
    "date": "2018-09-30",
    "symbol": "MA",
    "reportedCurrency": "USD",
    "cik": "0001141391",
    "filingDate": "2018-10-30",
    "acceptedDate": "2018-10-30 10:20:31",
    "fiscalYear": "2018",
    "period": "Q3",
    "revenue": 3898000000,
    "costOfRevenue": 822000000,
    "grossProfit": 3076000000,
    "researchAndDevelopmentExpenses": 0,
    "generalAndAdministrativeExpenses": 444000000,
    "sellingAndMarketingExpenses": 203000000,
    "sellingGeneralAndAdministrativeExpenses": 647000000,
    "otherExpenses": 142000000,
    "operatingExpenses": 789000000,
    "costAndExpenses": 1611000000,
    "netInterestIncome": -48000000,
    "interestIncome": 0,
    "interestExpense": 48000000,
    "depreciationAndAmortization": 111000000,
    "ebitda": 2423000000,
    "ebit": 2312000000,
    "nonOperatingIncomeExcludingInterest": -25000000,
    "operatingIncome": 2287000000,
    "totalOtherIncomeExpensesNet": -23000000,
    "incomeBeforeTax": 2264000000,
    "incomeTaxExpense": 365000000,
    "netIncomeFromContinuingOperations": 1899000000,
    "netIncomeFromDiscontinuedOperations": 0,
    "otherAdjustmentsToNetIncome": 0,
    "netIncome": 1899000000,
    "netIncomeDeductions": 0,
    "bottomLineNetIncome": 1899000000,
    "eps": 1.83,
    "epsDiluted": 1.82,
    "weightedAverageShsOut": 1037000015,
    "weightedAverageShsOutDil": 1043000015
  },
  {
    "date": "2018-06-30",
    "symbol": "MA",
    "reportedCurrency": "USD",
    "cik": "0001141391",
    "filingDate": "2018-07-26",
    "acceptedDate": "2018-07-26 10:13:22",
    "fiscalYear": "2018",
    "period": "Q2",
    "revenue": 3665000000,
    "costOfRevenue": 797000000,
    "grossProfit": 2868000000,
    "researchAndDevelopmentExpenses": 0,
    "generalAndAdministrativeExpenses": 446000000,
    "sellingAndMarketingExpenses": 205000000,
    "sellingGeneralAndAdministrativeExpenses": 651000000,
    "otherExpenses": 281000000,
    "operatingExpenses": 932000000,
    "costAndExpenses": 1729000000,
    "netInterestIncome": -48000000,
    "interestIncome": 0,
    "interestExpense": 48000000,
    "depreciationAndAmortization": 115000000,
    "ebitda": 2085000000,
    "ebit": 1970000000,
    "nonOperatingIncomeExcludingInterest": -34000000,
    "operatingIncome": 1936000000,
    "totalOtherIncomeExpensesNet": -14000000,
    "incomeBeforeTax": 1922000000,
    "incomeTaxExpense": 353000000,
    "netIncomeFromContinuingOperations": 1569000000,
    "netIncomeFromDiscontinuedOperations": 0,
    "otherAdjustmentsToNetIncome": 0,
    "netIncome": 1569000000,
    "netIncomeDeductions": 0,
    "bottomLineNetIncome": 1569000000,
    "eps": 1.5,
    "epsDiluted": 1.5,
    "weightedAverageShsOut": 1043000015,
    "weightedAverageShsOutDil": 1049000015
  },
  {
    "date": "2018-03-31",
    "symbol": "MA",
    "reportedCurrency": "USD",
    "cik": "0001141391",
    "filingDate": "2018-05-02",
    "acceptedDate": "2018-05-02 10:38:44",
    "fiscalYear": "2018",
    "period": "Q1",
    "revenue": 3580000000,
    "costOfRevenue": 752000000,
    "grossProfit": 2828000000,
    "researchAndDevelopmentExpenses": 0,
    "generalAndAdministrativeExpenses": 541000000,
    "sellingAndMarketingExpenses": 197000000,
    "sellingGeneralAndAdministrativeExpenses": 738000000,
    "otherExpenses": 265000000,
    "operatingExpenses": 1003000000,
    "costAndExpenses": 1755000000,
    "netInterestIncome": -43000000,
    "interestIncome": 0,
    "interestExpense": 43000000,
    "depreciationAndAmortization": 120000000,
    "ebitda": 1966000000,
    "ebit": 1846000000,
    "nonOperatingIncomeExcludingInterest": -21000000,
    "operatingIncome": 1825000000,
    "totalOtherIncomeExpensesNet": -22000000,
    "incomeBeforeTax": 1803000000,
    "incomeTaxExpense": 311000000,
    "netIncomeFromContinuingOperations": 1492000000,
    "netIncomeFromDiscontinuedOperations": 0,
    "otherAdjustmentsToNetIncome": 0,
    "netIncome": 1492000000,
    "netIncomeDeductions": 0,
    "bottomLineNetIncome": 1492000000,
    "eps": 1.42,
    "epsDiluted": 1.41,
    "weightedAverageShsOut": 1051000015,
    "weightedAverageShsOutDil": 1057000015
  },
  {
    "date": "2017-12-31",
    "symbol": "MA",
    "reportedCurrency": "USD",
    "cik": "0001141391",
    "filingDate": "2018-02-14",
    "acceptedDate": "2018-02-14 12:37:09",
    "fiscalYear": "2017",
    "period": "Q4",
    "revenue": 3312000000,
    "costOfRevenue": 726000000,
    "grossProfit": 2586000000,
    "researchAndDevelopmentExpenses": 0,
    "generalAndAdministrativeExpenses": 625000000,
    "sellingAndMarketingExpenses": 311000000,
    "sellingGeneralAndAdministrativeExpenses": 936000000,
    "otherExpenses": 128000000,
    "operatingExpenses": 1064000000,
    "costAndExpenses": 1790000000,
    "netInterestIncome": -41000000,
    "interestIncome": 0,
    "interestExpense": 41000000,
    "depreciationAndAmortization": 116000000,
    "ebitda": 1641000000,
    "ebit": 1525000000,
    "nonOperatingIncomeExcludingInterest": -3000000,
    "operatingIncome": 1522000000,
    "totalOtherIncomeExpensesNet": -38000000,
    "incomeBeforeTax": 1484000000,
    "incomeTaxExpense": 1257000000,
    "netIncomeFromContinuingOperations": 227000000,
    "netIncomeFromDiscontinuedOperations": 0,
    "otherAdjustmentsToNetIncome": 0,
    "netIncome": 227000000,
    "netIncomeDeductions": 0,
    "bottomLineNetIncome": 227000000,
    "eps": 0.21,
    "epsDiluted": 0.21,
    "weightedAverageShsOut": 1057000015,
    "weightedAverageShsOutDil": 1063000015
  },
  {
    "date": "2017-09-30",
    "symbol": "MA",
    "reportedCurrency": "USD",
    "cik": "0001141391",
    "filingDate": "2017-10-31",
    "acceptedDate": "2017-10-31 10:23:17",
    "fiscalYear": "2017",
    "period": "Q3",
    "revenue": 3398000000,
    "costOfRevenue": 723000000,
    "grossProfit": 2675000000,
    "researchAndDevelopmentExpenses": 0,
    "generalAndAdministrativeExpenses": 390000000,
    "sellingAndMarketingExpenses": 203000000,
    "sellingGeneralAndAdministrativeExpenses": 593000000,
    "otherExpenses": 141000000,
    "operatingExpenses": 734000000,
    "costAndExpenses": 1457000000,
    "netInterestIncome": -35000000,
    "interestIncome": 0,
    "interestExpense": 35000000,
    "depreciationAndAmortization": 118000000,
    "ebitda": 2085000000,
    "ebit": 1967000000,
    "nonOperatingIncomeExcludingInterest": -26000000,
    "operatingIncome": 1941000000,
    "totalOtherIncomeExpensesNet": -9000000,
    "incomeBeforeTax": 1932000000,
    "incomeTaxExpense": 502000000,
    "netIncomeFromContinuingOperations": 1430000000,
    "netIncomeFromDiscontinuedOperations": 0,
    "otherAdjustmentsToNetIncome": 0,
    "netIncome": 1430000000,
    "netIncomeDeductions": 0,
    "bottomLineNetIncome": 1430000000,
    "eps": 1.34,
    "epsDiluted": 1.34,
    "weightedAverageShsOut": 1063000015,
    "weightedAverageShsOutDil": 1068000016
  },
  {
    "date": "2017-06-30",
    "symbol": "MA",
    "reportedCurrency": "USD",
    "cik": "0001141391",
    "filingDate": "2017-07-27",
    "acceptedDate": "2017-07-27 10:23:14",
    "fiscalYear": "2017",
    "period": "Q2",
    "revenue": 3053000000,
    "costOfRevenue": 644000000,
    "grossProfit": 2409000000,
    "researchAndDevelopmentExpenses": 0,
    "generalAndAdministrativeExpenses": 398000000,
    "sellingAndMarketingExpenses": 214000000,
    "sellingGeneralAndAdministrativeExpenses": 612000000,
    "otherExpenses": 144000000,
    "operatingExpenses": 756000000,
    "costAndExpenses": 1400000000,
    "netInterestIncome": -39000000,
    "interestIncome": 0,
    "interestExpense": 39000000,
    "depreciationAndAmortization": 111000000,
    "ebitda": 1778000000,
    "ebit": 1667000000,
    "nonOperatingIncomeExcludingInterest": -14000000,
    "operatingIncome": 1653000000,
    "totalOtherIncomeExpensesNet": -25000000,
    "incomeBeforeTax": 1628000000,
    "incomeTaxExpense": 451000000,
    "netIncomeFromContinuingOperations": 1177000000,
    "netIncomeFromDiscontinuedOperations": 0,
    "otherAdjustmentsToNetIncome": 0,
    "netIncome": 1177000000,
    "netIncomeDeductions": 0,
    "bottomLineNetIncome": 1177000000,
    "eps": 1.1,
    "epsDiluted": 1.1,
    "weightedAverageShsOut": 1070000016,
    "weightedAverageShsOutDil": 1075000016
  },
  {
    "date": "2017-03-31",
    "symbol": "MA",
    "reportedCurrency": "USD",
    "cik": "0001141391",
    "filingDate": "2017-05-02",
    "acceptedDate": "2017-05-02 10:22:18",
    "fiscalYear": "2017",
    "period": "Q1",
    "revenue": 2734000000,
    "costOfRevenue": 594000000,
    "grossProfit": 2140000000,
    "researchAndDevelopmentExpenses": 0,
    "generalAndAdministrativeExpenses": 320000000,
    "sellingAndMarketingExpenses": 170000000,
    "sellingGeneralAndAdministrativeExpenses": 490000000,
    "otherExpenses": 144000000,
    "operatingExpenses": 634000000,
    "costAndExpenses": 1228000000,
    "netInterestIncome": -39000000,
    "interestIncome": 0,
    "interestExpense": 39000000,
    "depreciationAndAmortization": 92000000,
    "ebitda": 1609000000,
    "ebit": 1517000000,
    "nonOperatingIncomeExcludingInterest": -11000000,
    "operatingIncome": 1506000000,
    "totalOtherIncomeExpensesNet": -28000000,
    "incomeBeforeTax": 1478000000,
    "incomeTaxExpense": 397000000,
    "netIncomeFromContinuingOperations": 1081000000,
    "netIncomeFromDiscontinuedOperations": 0,
    "otherAdjustmentsToNetIncome": 0,
    "netIncome": 1081000000,
    "netIncomeDeductions": 0,
    "bottomLineNetIncome": 1081000000,
    "eps": 1,
    "epsDiluted": 1,
    "weightedAverageShsOut": 1078000016,
    "weightedAverageShsOutDil": 1082000016
  },
  {
    "date": "2016-12-31",
    "symbol": "MA",
    "reportedCurrency": "USD",
    "cik": "0001141391",
    "filingDate": "2017-02-15",
    "acceptedDate": "2017-02-15 10:22:25",
    "fiscalYear": "2016",
    "period": "Q4",
    "revenue": 2756000000,
    "costOfRevenue": 579000000,
    "grossProfit": 2177000000,
    "researchAndDevelopmentExpenses": 0,
    "generalAndAdministrativeExpenses": 413000000,
    "sellingAndMarketingExpenses": 308000000,
    "sellingGeneralAndAdministrativeExpenses": 721000000,
    "otherExpenses": 93000000,
    "operatingExpenses": 814000000,
    "costAndExpenses": 1393000000,
    "netInterestIncome": -30000000,
    "interestIncome": 0,
    "interestExpense": 30000000,
    "depreciationAndAmortization": 92000000,
    "ebitda": 1433000000,
    "ebit": 1341000000,
    "nonOperatingIncomeExcludingInterest": 22000000,
    "operatingIncome": 1363000000,
    "totalOtherIncomeExpensesNet": -52000000,
    "incomeBeforeTax": 1311000000,
    "incomeTaxExpense": 378000000,
    "netIncomeFromContinuingOperations": 933000000,
    "netIncomeFromDiscontinuedOperations": 0,
    "otherAdjustmentsToNetIncome": 0,
    "netIncome": 933000000,
    "netIncomeDeductions": 0,
    "bottomLineNetIncome": 933000000,
    "eps": 0.86,
    "epsDiluted": 0.86,
    "weightedAverageShsOut": 1087000016,
    "weightedAverageShsOutDil": 1090000016
  },
  {
    "date": "2016-09-30",
    "symbol": "MA",
    "reportedCurrency": "USD",
    "cik": "0001141391",
    "filingDate": "2016-10-28",
    "acceptedDate": "2016-10-28 10:27:22",
    "fiscalYear": "2016",
    "period": "Q3",
    "revenue": 2880000000,
    "costOfRevenue": 575000000,
    "grossProfit": 2305000000,
    "researchAndDevelopmentExpenses": 0,
    "generalAndAdministrativeExpenses": 346000000,
    "sellingAndMarketingExpenses": 184000000,
    "sellingGeneralAndAdministrativeExpenses": 530000000,
    "otherExpenses": 105000000,
    "operatingExpenses": 635000000,
    "costAndExpenses": 1210000000,
    "netInterestIncome": -23000000,
    "interestIncome": 0,
    "interestExpense": 23000000,
    "depreciationAndAmortization": 93000000,
    "ebitda": 1749000000,
    "ebit": 1656000000,
    "nonOperatingIncomeExcludingInterest": 14000000,
    "operatingIncome": 1670000000,
    "totalOtherIncomeExpensesNet": -37000000,
    "incomeBeforeTax": 1633000000,
    "incomeTaxExpense": 449000000,
    "netIncomeFromContinuingOperations": 1184000000,
    "netIncomeFromDiscontinuedOperations": 0,
    "otherAdjustmentsToNetIncome": 0,
    "netIncome": 1184000000,
    "netIncomeDeductions": 0,
    "bottomLineNetIncome": 1184000000,
    "eps": 1.08,
    "epsDiluted": 1.08,
    "weightedAverageShsOut": 1096000016,
    "weightedAverageShsOutDil": 1099000016
  },
  {
    "date": "2016-06-30",
    "symbol": "MA",
    "reportedCurrency": "USD",
    "cik": "0001141391",
    "filingDate": "2016-07-28",
    "acceptedDate": "2016-07-28 10:32:59",
    "fiscalYear": "2016",
    "period": "Q2",
    "revenue": 2694000000,
    "costOfRevenue": 551000000,
    "grossProfit": 2143000000,
    "researchAndDevelopmentExpenses": 0,
    "generalAndAdministrativeExpenses": 388000000,
    "sellingAndMarketingExpenses": 184000000,
    "sellingGeneralAndAdministrativeExpenses": 572000000,
    "otherExpenses": 191000000,
    "operatingExpenses": 763000000,
    "costAndExpenses": 1314000000,
    "netInterestIncome": -22000000,
    "interestIncome": 0,
    "interestExpense": 22000000,
    "depreciationAndAmortization": 93000000,
    "ebitda": 1480000000,
    "ebit": 1387000000,
    "nonOperatingIncomeExcludingInterest": -7000000,
    "operatingIncome": 1380000000,
    "totalOtherIncomeExpensesNet": -15000000,
    "incomeBeforeTax": 1365000000,
    "incomeTaxExpense": 382000000,
    "netIncomeFromContinuingOperations": 983000000,
    "netIncomeFromDiscontinuedOperations": 0,
    "otherAdjustmentsToNetIncome": 0,
    "netIncome": 983000000,
    "netIncomeDeductions": 0,
    "bottomLineNetIncome": 983000000,
    "eps": 0.89,
    "epsDiluted": 0.89,
    "weightedAverageShsOut": 1098000016,
    "weightedAverageShsOutDil": 1101000016
  },
  {
    "date": "2016-03-31",
    "symbol": "MA",
    "reportedCurrency": "USD",
    "cik": "0001141391",
    "filingDate": "2016-04-28",
    "acceptedDate": "2016-04-28 10:23:33",
    "fiscalYear": "2016",
    "period": "Q1",
    "revenue": 2446000000,
    "costOfRevenue": 520000000,
    "grossProfit": 1926000000,
    "researchAndDevelopmentExpenses": 0,
    "generalAndAdministrativeExpenses": 308000000,
    "sellingAndMarketingExpenses": 135000000,
    "sellingGeneralAndAdministrativeExpenses": 443000000,
    "otherExpenses": 135000000,
    "operatingExpenses": 578000000,
    "costAndExpenses": 1098000000,
    "netInterestIncome": -20000000,
    "interestIncome": 0,
    "interestExpense": 20000000,
    "depreciationAndAmortization": 95000000,
    "ebitda": 1452000000,
    "ebit": 1357000000,
    "nonOperatingIncomeExcludingInterest": -9000000,
    "operatingIncome": 1348000000,
    "totalOtherIncomeExpensesNet": -11000000,
    "incomeBeforeTax": 1337000000,
    "incomeTaxExpense": 378000000,
    "netIncomeFromContinuingOperations": 959000000,
    "netIncomeFromDiscontinuedOperations": 0,
    "otherAdjustmentsToNetIncome": 0,
    "netIncome": 959000000,
    "netIncomeDeductions": 0,
    "bottomLineNetIncome": 959000000,
    "eps": 0.86,
    "epsDiluted": 0.86,
    "weightedAverageShsOut": 1109000016,
    "weightedAverageShsOutDil": 1112000016
  },
  {
    "date": "2015-12-31",
    "symbol": "MA",
    "reportedCurrency": "USD",
    "cik": "0001141391",
    "filingDate": "2016-02-12",
    "acceptedDate": "2016-02-12 10:42:08",
    "fiscalYear": "2015",
    "period": "Q4",
    "revenue": 2517000000,
    "costOfRevenue": 565000000,
    "grossProfit": 1952000000,
    "researchAndDevelopmentExpenses": 0,
    "generalAndAdministrativeExpenses": 435000000,
    "sellingAndMarketingExpenses": 319000000,
    "sellingGeneralAndAdministrativeExpenses": 754000000,
    "otherExpenses": 91000000,
    "operatingExpenses": 845000000,
    "costAndExpenses": 1410000000,
    "netInterestIncome": -12000000,
    "interestIncome": 0,
    "interestExpense": 12000000,
    "depreciationAndAmortization": 93000000,
    "ebitda": 1130000000,
    "ebit": 1037000000,
    "nonOperatingIncomeExcludingInterest": 70000000,
    "operatingIncome": 1107000000,
    "totalOtherIncomeExpensesNet": -82000000,
    "incomeBeforeTax": 1025000000,
    "incomeTaxExpense": 135000000,
    "netIncomeFromContinuingOperations": 890000000,
    "netIncomeFromDiscontinuedOperations": 0,
    "otherAdjustmentsToNetIncome": 0,
    "netIncome": 890000000,
    "netIncomeDeductions": 0,
    "bottomLineNetIncome": 890000000,
    "eps": 0.79,
    "epsDiluted": 0.79,
    "weightedAverageShsOut": 1121000016,
    "weightedAverageShsOutDil": 1124000016
  },
  {
    "date": "2015-09-30",
    "symbol": "MA",
    "reportedCurrency": "USD",
    "cik": "0001141391",
    "filingDate": "2015-10-29",
    "acceptedDate": "2015-10-29 10:29:56",
    "fiscalYear": "2015",
    "period": "Q3",
    "revenue": 2530000000,
    "costOfRevenue": 584000000,
    "grossProfit": 1946000000,
    "researchAndDevelopmentExpenses": 0,
    "generalAndAdministrativeExpenses": 311000000,
    "sellingAndMarketingExpenses": 184000000,
    "sellingGeneralAndAdministrativeExpenses": 495000000,
    "otherExpenses": 82000000,
    "operatingExpenses": 577000000,
    "costAndExpenses": 1161000000,
    "netInterestIncome": -15000000,
    "interestIncome": 0,
    "interestExpense": 15000000,
    "depreciationAndAmortization": 94000000,
    "ebitda": 1461000000,
    "ebit": 1367000000,
    "nonOperatingIncomeExcludingInterest": 2000000,
    "operatingIncome": 1369000000,
    "totalOtherIncomeExpensesNet": -17000000,
    "incomeBeforeTax": 1352000000,
    "incomeTaxExpense": 375000000,
    "netIncomeFromContinuingOperations": 977000000,
    "netIncomeFromDiscontinuedOperations": 0,
    "otherAdjustmentsToNetIncome": 0,
    "netIncome": 977000000,
    "netIncomeDeductions": 0,
    "bottomLineNetIncome": 977000000,
    "eps": 0.86,
    "epsDiluted": 0.86,
    "weightedAverageShsOut": 1130000016,
    "weightedAverageShsOutDil": 1133000016
  },
  {
    "date": "2015-06-30",
    "symbol": "MA",
    "reportedCurrency": "USD",
    "cik": "0001141391",
    "filingDate": "2015-07-29",
    "acceptedDate": "2015-07-29 10:34:25",
    "fiscalYear": "2015",
    "period": "Q2",
    "revenue": 2390000000,
    "costOfRevenue": 488000000,
    "grossProfit": 1902000000,
    "researchAndDevelopmentExpenses": 0,
    "generalAndAdministrativeExpenses": 302000000,
    "sellingAndMarketingExpenses": 176000000,
    "sellingGeneralAndAdministrativeExpenses": 478000000,
    "otherExpenses": 173000000,
    "operatingExpenses": 651000000,
    "costAndExpenses": 1139000000,
    "netInterestIncome": -17000000,
    "interestIncome": 0,
    "interestExpense": 17000000,
    "depreciationAndAmortization": 92000000,
    "ebitda": 1350000000,
    "ebit": 1258000000,
    "nonOperatingIncomeExcludingInterest": -7000000,
    "operatingIncome": 1251000000,
    "totalOtherIncomeExpensesNet": -10000000,
    "incomeBeforeTax": 1241000000,
    "incomeTaxExpense": 320000000,
    "netIncomeFromContinuingOperations": 921000000,
    "netIncomeFromDiscontinuedOperations": 0,
    "otherAdjustmentsToNetIncome": 0,
    "netIncome": 921000000,
    "netIncomeDeductions": 0,
    "bottomLineNetIncome": 921000000,
    "eps": 0.81,
    "epsDiluted": 0.81,
    "weightedAverageShsOut": 1138000017,
    "weightedAverageShsOutDil": 1141000017
  },
  {
    "date": "2015-03-31",
    "symbol": "MA",
    "reportedCurrency": "USD",
    "cik": "0001141391",
    "filingDate": "2015-04-29",
    "acceptedDate": "2015-04-29 10:58:26",
    "fiscalYear": "2015",
    "period": "Q1",
    "revenue": 2230000000,
    "costOfRevenue": 468000000,
    "grossProfit": 1762000000,
    "researchAndDevelopmentExpenses": 0,
    "generalAndAdministrativeExpenses": 270000000,
    "sellingAndMarketingExpenses": 142000000,
    "sellingGeneralAndAdministrativeExpenses": 412000000,
    "otherExpenses": -1000000,
    "operatingExpenses": 411000000,
    "costAndExpenses": 879000000,
    "netInterestIncome": -17000000,
    "interestIncome": 0,
    "interestExpense": 17000000,
    "depreciationAndAmortization": 87000000,
    "ebitda": 1444000000,
    "ebit": 1357000000,
    "nonOperatingIncomeExcludingInterest": -6000000,
    "operatingIncome": 1351000000,
    "totalOtherIncomeExpensesNet": -11000000,
    "incomeBeforeTax": 1340000000,
    "incomeTaxExpense": 320000000,
    "netIncomeFromContinuingOperations": 1020000000,
    "netIncomeFromDiscontinuedOperations": 0,
    "otherAdjustmentsToNetIncome": 0,
    "netIncome": 1020000000,
    "netIncomeDeductions": 0,
    "bottomLineNetIncome": 1020000000,
    "eps": 0.89,
    "epsDiluted": 0.89,
    "weightedAverageShsOut": 1148000017,
    "weightedAverageShsOutDil": 1152000017
  },
  {
    "date": "2014-12-31",
    "symbol": "MA",
    "reportedCurrency": "USD",
    "cik": "0001141391",
    "filingDate": "2015-02-13",
    "acceptedDate": "2015-02-13 10:23:56",
    "fiscalYear": "2014",
    "period": "Q4",
    "revenue": 2416000000,
    "costOfRevenue": 618000000,
    "grossProfit": 1798000000,
    "researchAndDevelopmentExpenses": 0,
    "generalAndAdministrativeExpenses": 369000000,
    "sellingAndMarketingExpenses": 337000000,
    "sellingGeneralAndAdministrativeExpenses": 706000000,
    "otherExpenses": 74000000,
    "operatingExpenses": 780000000,
    "costAndExpenses": 1398000000,
    "netInterestIncome": 10000000,
    "interestIncome": 0,
    "interestExpense": 16000000,
    "depreciationAndAmortization": 84000000,
    "ebitda": 1107000000,
    "ebit": 1023000000,
    "nonOperatingIncomeExcludingInterest": -5000000,
    "operatingIncome": 1018000000,
    "totalOtherIncomeExpensesNet": -11000000,
    "incomeBeforeTax": 1007000000,
    "incomeTaxExpense": 206000000,
    "netIncomeFromContinuingOperations": 801000000,
    "netIncomeFromDiscontinuedOperations": 0,
    "otherAdjustmentsToNetIncome": 0,
    "netIncome": 801000000,
    "netIncomeDeductions": 0,
    "bottomLineNetIncome": 801000000,
    "eps": 0.7,
    "epsDiluted": 0.69,
    "weightedAverageShsOut": 1153000017,
    "weightedAverageShsOutDil": 1157000017
  },
  {
    "date": "2014-09-30",
    "symbol": "MA",
    "reportedCurrency": "USD",
    "cik": "0001141391",
    "filingDate": "2014-10-30",
    "acceptedDate": "2014-10-30 10:25:35",
    "fiscalYear": "2014",
    "period": "Q3",
    "revenue": 2490000000,
    "costOfRevenue": 511000000,
    "grossProfit": 1979000000,
    "researchAndDevelopmentExpenses": 0,
    "generalAndAdministrativeExpenses": 291000000,
    "sellingAndMarketingExpenses": 203000000,
    "sellingGeneralAndAdministrativeExpenses": 494000000,
    "otherExpenses": 65000000,
    "operatingExpenses": 559000000,
    "costAndExpenses": 1070000000,
    "netInterestIncome": -11000000,
    "interestIncome": 0,
    "interestExpense": 11000000,
    "depreciationAndAmortization": 83000000,
    "ebitda": 1512000000,
    "ebit": 1429000000,
    "nonOperatingIncomeExcludingInterest": -9000000,
    "operatingIncome": 1420000000,
    "totalOtherIncomeExpensesNet": -2000000,
    "incomeBeforeTax": 1418000000,
    "incomeTaxExpense": 403000000,
    "netIncomeFromContinuingOperations": 1015000000,
    "netIncomeFromDiscontinuedOperations": 0,
    "otherAdjustmentsToNetIncome": 0,
    "netIncome": 1015000000,
    "netIncomeDeductions": 0,
    "bottomLineNetIncome": 1015000000,
    "eps": 0.88,
    "epsDiluted": 0.87,
    "weightedAverageShsOut": 1157000017,
    "weightedAverageShsOutDil": 1160000017
  },
  {
    "date": "2014-06-30",
    "symbol": "MA",
    "reportedCurrency": "USD",
    "cik": "0001141391",
    "filingDate": "2014-07-31",
    "acceptedDate": "2014-07-31 10:38:28",
    "fiscalYear": "2014",
    "period": "Q2",
    "revenue": 2368000000,
    "costOfRevenue": 485000000,
    "grossProfit": 1883000000,
    "researchAndDevelopmentExpenses": 0,
    "generalAndAdministrativeExpenses": 229000000,
    "sellingAndMarketingExpenses": 173000000,
    "sellingGeneralAndAdministrativeExpenses": 402000000,
    "otherExpenses": 98000000,
    "operatingExpenses": 500000000,
    "costAndExpenses": 985000000,
    "netInterestIncome": -15000000,
    "interestIncome": 0,
    "interestExpense": 15000000,
    "depreciationAndAmortization": 81000000,
    "ebitda": 1469000000,
    "ebit": 1388000000,
    "nonOperatingIncomeExcludingInterest": -5000000,
    "operatingIncome": 1383000000,
    "totalOtherIncomeExpensesNet": -10000000,
    "incomeBeforeTax": 1373000000,
    "incomeTaxExpense": 442000000,
    "netIncomeFromContinuingOperations": 931000000,
    "netIncomeFromDiscontinuedOperations": 0,
    "otherAdjustmentsToNetIncome": 0,
    "netIncome": 931000000,
    "netIncomeDeductions": 0,
    "bottomLineNetIncome": 931000000,
    "eps": 0.8,
    "epsDiluted": 0.8,
    "weightedAverageShsOut": 1165000017,
    "weightedAverageShsOutDil": 1169000017
  },
  {
    "date": "2014-03-31",
    "symbol": "MA",
    "reportedCurrency": "USD",
    "cik": "0001141391",
    "filingDate": "2014-05-01",
    "acceptedDate": "2014-05-01 10:57:09",
    "fiscalYear": "2014",
    "period": "Q1",
    "revenue": 2172000000,
    "costOfRevenue": 450000000,
    "grossProfit": 1722000000,
    "researchAndDevelopmentExpenses": 0,
    "generalAndAdministrativeExpenses": 234000000,
    "sellingAndMarketingExpenses": 149000000,
    "sellingGeneralAndAdministrativeExpenses": 383000000,
    "otherExpenses": 54000000,
    "operatingExpenses": 437000000,
    "costAndExpenses": 887000000,
    "netInterestIncome": -6000000,
    "interestIncome": 0,
    "interestExpense": 6000000,
    "depreciationAndAmortization": 73000000,
    "ebitda": 1360000000,
    "ebit": 1287000000,
    "nonOperatingIncomeExcludingInterest": -2000000,
    "operatingIncome": 1285000000,
    "totalOtherIncomeExpensesNet": -4000000,
    "incomeBeforeTax": 1281000000,
    "incomeTaxExpense": 411000000,
    "netIncomeFromContinuingOperations": 870000000,
    "netIncomeFromDiscontinuedOperations": 0,
    "otherAdjustmentsToNetIncome": 0,
    "netIncome": 870000000,
    "netIncomeDeductions": 0,
    "bottomLineNetIncome": 870000000,
    "eps": 0.73,
    "epsDiluted": 0.73,
    "weightedAverageShsOut": 1185000017,
    "weightedAverageShsOutDil": 1189000017
  },
  {
    "date": "2013-12-31",
    "symbol": "MA",
    "reportedCurrency": "USD",
    "cik": "0001141391",
    "filingDate": "2014-02-14",
    "acceptedDate": "2014-02-14 11:26:02",
    "fiscalYear": "2013",
    "period": "Q4",
    "revenue": 2126000000,
    "costOfRevenue": 452000000,
    "grossProfit": 1674000000,
    "researchAndDevelopmentExpenses": 0,
    "generalAndAdministrativeExpenses": 266000000,
    "sellingAndMarketingExpenses": 321000000,
    "sellingGeneralAndAdministrativeExpenses": 587000000,
    "otherExpenses": 167000000,
    "operatingExpenses": 754000000,
    "costAndExpenses": 1206000000,
    "netInterestIncome": 26000000,
    "interestIncome": 0,
    "interestExpense": 7000000,
    "depreciationAndAmortization": 71000000,
    "ebitda": 989000000,
    "ebit": 918000000,
    "nonOperatingIncomeExcludingInterest": 2000000,
    "operatingIncome": 920000000,
    "totalOtherIncomeExpensesNet": -9000000,
    "incomeBeforeTax": 911000000,
    "incomeTaxExpense": 288000000,
    "netIncomeFromContinuingOperations": 623000000,
    "netIncomeFromDiscontinuedOperations": 0,
    "otherAdjustmentsToNetIncome": 0,
    "netIncome": 623000000,
    "netIncomeDeductions": 0,
    "bottomLineNetIncome": 623000000,
    "eps": 0.052,
    "epsDiluted": 0.052,
    "weightedAverageShsOut": 1211000018,
    "weightedAverageShsOutDil": 1215000018
  },
  {
    "date": "2013-09-30",
    "symbol": "MA",
    "reportedCurrency": "USD",
    "cik": "0001141391",
    "filingDate": "2013-10-31",
    "acceptedDate": "2013-10-31 10:37:31",
    "fiscalYear": "2013",
    "period": "Q3",
    "revenue": 2218000000,
    "costOfRevenue": 452000000,
    "grossProfit": 1766000000,
    "researchAndDevelopmentExpenses": 0,
    "generalAndAdministrativeExpenses": 235000000,
    "sellingAndMarketingExpenses": 205000000,
    "sellingGeneralAndAdministrativeExpenses": 440000000,
    "otherExpenses": 78000000,
    "operatingExpenses": 518000000,
    "costAndExpenses": 970000000,
    "netInterestIncome": 3000000,
    "interestIncome": 3000000,
    "interestExpense": 0,
    "depreciationAndAmortization": 64000000,
    "ebitda": 1326000000,
    "ebit": 1262000000,
    "nonOperatingIncomeExcludingInterest": -14000000,
    "operatingIncome": 1248000000,
    "totalOtherIncomeExpensesNet": 6000000,
    "incomeBeforeTax": 1254000000,
    "incomeTaxExpense": 375000000,
    "netIncomeFromContinuingOperations": 879000000,
    "netIncomeFromDiscontinuedOperations": 0,
    "otherAdjustmentsToNetIncome": 0,
    "netIncome": 879000000,
    "netIncomeDeductions": 0,
    "bottomLineNetIncome": 879000000,
    "eps": 0.73,
    "epsDiluted": 0.73,
    "weightedAverageShsOut": 1205000018,
    "weightedAverageShsOutDil": 1209000018
  },
  {
    "date": "2013-06-30",
    "symbol": "MA",
    "reportedCurrency": "USD",
    "cik": "0001141391",
    "filingDate": "2013-07-31",
    "acceptedDate": "2013-07-31 10:49:51",
    "fiscalYear": "2013",
    "period": "Q2",
    "revenue": 2096000000,
    "costOfRevenue": 0,
    "grossProfit": 2096000000,
    "researchAndDevelopmentExpenses": 0,
    "generalAndAdministrativeExpenses": 621000000,
    "sellingAndMarketingExpenses": 186000000,
    "sellingGeneralAndAdministrativeExpenses": 807000000,
    "otherExpenses": 61000000,
    "operatingExpenses": 868000000,
    "costAndExpenses": 868000000,
    "netInterestIncome": -5000000,
    "interestIncome": 0,
    "interestExpense": 5000000,
    "depreciationAndAmortization": 61000000,
    "ebitda": 1299000000,
    "ebit": 1238000000,
    "nonOperatingIncomeExcludingInterest": -10000000,
    "operatingIncome": 1228000000,
    "totalOtherIncomeExpensesNet": 5000000,
    "incomeBeforeTax": 1233000000,
    "incomeTaxExpense": 385000000,
    "netIncomeFromContinuingOperations": 848000000,
    "netIncomeFromDiscontinuedOperations": 0,
    "otherAdjustmentsToNetIncome": 0,
    "netIncome": 848000000,
    "netIncomeDeductions": 0,
    "bottomLineNetIncome": 848000000,
    "eps": 0.7,
    "epsDiluted": 0.7,
    "weightedAverageShsOut": 1214000018,
    "weightedAverageShsOutDil": 1217000018
  },
  {
    "date": "2013-03-31",
    "symbol": "MA",
    "reportedCurrency": "USD",
    "cik": "0001141391",
    "filingDate": "2013-05-01",
    "acceptedDate": "2013-05-01 10:43:22",
    "fiscalYear": "2013",
    "period": "Q1",
    "revenue": 1906000000,
    "costOfRevenue": 0,
    "grossProfit": 1906000000,
    "researchAndDevelopmentExpenses": 0,
    "generalAndAdministrativeExpenses": 608000000,
    "sellingAndMarketingExpenses": 129000000,
    "sellingGeneralAndAdministrativeExpenses": 737000000,
    "otherExpenses": 62000000,
    "operatingExpenses": 799000000,
    "costAndExpenses": 799000000,
    "netInterestIncome": -5000000,
    "interestIncome": 0,
    "interestExpense": 5000000,
    "depreciationAndAmortization": 62000000,
    "ebitda": 1169000000,
    "ebit": 1107000000,
    "nonOperatingIncomeExcludingInterest": 0,
    "operatingIncome": 1107000000,
    "totalOtherIncomeExpensesNet": -5000000,
    "incomeBeforeTax": 1102000000,
    "incomeTaxExpense": 336000000,
    "netIncomeFromContinuingOperations": 766000000,
    "netIncomeFromDiscontinuedOperations": 0,
    "otherAdjustmentsToNetIncome": 0,
    "netIncome": 766000000,
    "netIncomeDeductions": 0,
    "bottomLineNetIncome": 766000000,
    "eps": 0.62,
    "epsDiluted": 0.62,
    "weightedAverageShsOut": 1226000018,
    "weightedAverageShsOutDil": 1230000018
  },
  {
    "date": "2012-12-31",
    "symbol": "MA",
    "reportedCurrency": "USD",
    "cik": "0001141391",
    "filingDate": "2013-02-14",
    "acceptedDate": "2013-02-14 17:02:29",
    "fiscalYear": "2012",
    "period": "Q4",
    "revenue": 1895000000,
    "costOfRevenue": 1565000000,
    "grossProfit": 330000000,
    "researchAndDevelopmentExpenses": 0,
    "generalAndAdministrativeExpenses": -953000000,
    "sellingAndMarketingExpenses": 295000000,
    "sellingGeneralAndAdministrativeExpenses": -658000000,
    "otherExpenses": 89000000,
    "operatingExpenses": -569000000,
    "costAndExpenses": 996000000,
    "netInterestIncome": 2000000,
    "interestIncome": 9000000,
    "interestExpense": 7000000,
    "depreciationAndAmortization": 62000000,
    "ebitda": 963000000,
    "ebit": 901000000,
    "nonOperatingIncomeExcludingInterest": -2000000,
    "operatingIncome": 899000000,
    "totalOtherIncomeExpensesNet": -5000000,
    "incomeBeforeTax": 894000000,
    "incomeTaxExpense": 289000000,
    "netIncomeFromContinuingOperations": 605000000,
    "netIncomeFromDiscontinuedOperations": 0,
    "otherAdjustmentsToNetIncome": 0,
    "netIncome": 605000000,
    "netIncomeDeductions": 0,
    "bottomLineNetIncome": 605000000,
    "eps": 0.49,
    "epsDiluted": 0.49,
    "weightedAverageShsOut": 1240000018,
    "weightedAverageShsOutDil": 1250000018
  },
  {
    "date": "2012-09-30",
    "symbol": "MA",
    "reportedCurrency": "USD",
    "cik": "0001141391",
    "filingDate": "2012-10-31",
    "acceptedDate": "2012-10-31 11:55:59",
    "fiscalYear": "2012",
    "period": "Q3",
    "revenue": 1918000000,
    "costOfRevenue": 402000000,
    "grossProfit": 1516000000,
    "researchAndDevelopmentExpenses": 0,
    "generalAndAdministrativeExpenses": 203000000,
    "sellingAndMarketingExpenses": 176000000,
    "sellingGeneralAndAdministrativeExpenses": 379000000,
    "otherExpenses": 73000000,
    "operatingExpenses": 452000000,
    "costAndExpenses": 854000000,
    "netInterestIncome": -4000000,
    "interestIncome": 0,
    "interestExpense": 4000000,
    "depreciationAndAmortization": 58000000,
    "ebitda": 1128000000,
    "ebit": 1070000000,
    "nonOperatingIncomeExcludingInterest": -6000000,
    "operatingIncome": 1064000000,
    "totalOtherIncomeExpensesNet": 2000000,
    "incomeBeforeTax": 1066000000,
    "incomeTaxExpense": 294000000,
    "netIncomeFromContinuingOperations": 772000000,
    "netIncomeFromDiscontinuedOperations": 0,
    "otherAdjustmentsToNetIncome": 0,
    "netIncome": 772000000,
    "netIncomeDeductions": 0,
    "bottomLineNetIncome": 772000000,
    "eps": 0.62,
    "epsDiluted": 0.62,
    "weightedAverageShsOut": 1250000018,
    "weightedAverageShsOutDil": 1250000018
  },
  {
    "date": "2012-06-30",
    "symbol": "MA",
    "reportedCurrency": "USD",
    "cik": "0001141391",
    "filingDate": "2012-08-01",
    "acceptedDate": "2012-08-01 10:42:40",
    "fiscalYear": "2012",
    "period": "Q2",
    "revenue": 1820000000,
    "costOfRevenue": 0,
    "grossProfit": 1820000000,
    "researchAndDevelopmentExpenses": 0,
    "generalAndAdministrativeExpenses": 591000000,
    "sellingAndMarketingExpenses": 179000000,
    "sellingGeneralAndAdministrativeExpenses": 770000000,
    "otherExpenses": 76000000,
    "operatingExpenses": 846000000,
    "costAndExpenses": 846000000,
    "netInterestIncome": -3000000,
    "interestIncome": 0,
    "interestExpense": 3000000,
    "depreciationAndAmortization": 56000000,
    "ebitda": 1032000000,
    "ebit": 976000000,
    "nonOperatingIncomeExcludingInterest": -2000000,
    "operatingIncome": 974000000,
    "totalOtherIncomeExpensesNet": -1000000,
    "incomeBeforeTax": 973000000,
    "incomeTaxExpense": 273000000,
    "netIncomeFromContinuingOperations": 700000000,
    "netIncomeFromDiscontinuedOperations": 0,
    "otherAdjustmentsToNetIncome": 0,
    "netIncome": 700000000,
    "netIncomeDeductions": 0,
    "bottomLineNetIncome": 700000000,
    "eps": 0.56,
    "epsDiluted": 0.56,
    "weightedAverageShsOut": 1260000018,
    "weightedAverageShsOutDil": 1260000018
  },
  {
    "date": "2012-03-31",
    "symbol": "MA",
    "reportedCurrency": "USD",
    "cik": "0001141391",
    "filingDate": "2012-05-02",
    "acceptedDate": "2012-05-02 10:45:44",
    "fiscalYear": "2012",
    "period": "Q1",
    "revenue": 1758000000,
    "costOfRevenue": 0,
    "grossProfit": 1758000000,
    "researchAndDevelopmentExpenses": 0,
    "generalAndAdministrativeExpenses": 579000000,
    "sellingAndMarketingExpenses": 125000000,
    "sellingGeneralAndAdministrativeExpenses": 704000000,
    "otherExpenses": 54000000,
    "operatingExpenses": 758000000,
    "costAndExpenses": 758000000,
    "netInterestIncome": -6000000,
    "interestIncome": 0,
    "interestExpense": 6000000,
    "depreciationAndAmortization": 54000000,
    "ebitda": 1060000000,
    "ebit": 1006000000,
    "nonOperatingIncomeExcludingInterest": -6000000,
    "operatingIncome": 1000000000,
    "totalOtherIncomeExpensesNet": 0,
    "incomeBeforeTax": 1000000000,
    "incomeTaxExpense": 318000000,
    "netIncomeFromContinuingOperations": 682000000,
    "netIncomeFromDiscontinuedOperations": 0,
    "otherAdjustmentsToNetIncome": -1000000,
    "netIncome": 682000000,
    "netIncomeDeductions": 0,
    "bottomLineNetIncome": 682000000,
    "eps": 0.54,
    "epsDiluted": 0.54,
    "weightedAverageShsOut": 1270000019,
    "weightedAverageShsOutDil": 1270000019
  },
  {
    "date": "2011-12-31",
    "symbol": "MA",
    "reportedCurrency": "USD",
    "cik": "0001141391",
    "filingDate": "2012-02-16",
    "acceptedDate": "2012-02-16 12:23:37",
    "fiscalYear": "2011",
    "period": "Q4",
    "revenue": 1728000000,
    "costOfRevenue": 0,
    "grossProfit": 1728000000,
    "researchAndDevelopmentExpenses": 0,
    "generalAndAdministrativeExpenses": 597000000,
    "sellingAndMarketingExpenses": 319000000,
    "sellingGeneralAndAdministrativeExpenses": 916000000,
    "otherExpenses": 822000000,
    "operatingExpenses": 1738000000,
    "costAndExpenses": 1738000000,
    "netInterestIncome": 5000000,
    "interestIncome": 12000000,
    "interestExpense": 7000000,
    "depreciationAndAmortization": 52000000,
    "ebitda": 47000000,
    "ebit": -5000000,
    "nonOperatingIncomeExcludingInterest": -5000000,
    "operatingIncome": -10000000,
    "totalOtherIncomeExpensesNet": -2000000,
    "incomeBeforeTax": -12000000,
    "incomeTaxExpense": -30000000,
    "netIncomeFromContinuingOperations": 18000000,
    "netIncomeFromDiscontinuedOperations": 0,
    "otherAdjustmentsToNetIncome": 0,
    "netIncome": 19000000,
    "netIncomeDeductions": 0,
    "bottomLineNetIncome": 19000000,
    "eps": 0.015,
    "epsDiluted": 0.015,
    "weightedAverageShsOut": 1270000019,
    "weightedAverageShsOutDil": 1270000019
  },
  {
    "date": "2011-09-30",
    "symbol": "MA",
    "reportedCurrency": "USD",
    "cik": "0001141391",
    "filingDate": "2011-11-02",
    "acceptedDate": "2011-11-02 11:28:29",
    "fiscalYear": "2011",
    "period": "Q3",
    "revenue": 1818000000,
    "costOfRevenue": 0,
    "grossProfit": 1818000000,
    "researchAndDevelopmentExpenses": 0,
    "generalAndAdministrativeExpenses": 565000000,
    "sellingAndMarketingExpenses": 200000000,
    "sellingGeneralAndAdministrativeExpenses": 765000000,
    "otherExpenses": 51000000,
    "operatingExpenses": 816000000,
    "costAndExpenses": 816000000,
    "netInterestIncome": 11000000,
    "interestIncome": 17000000,
    "interestExpense": 6000000,
    "depreciationAndAmortization": 51000000,
    "ebitda": 1087000000,
    "ebit": 1036000000,
    "nonOperatingIncomeExcludingInterest": -34000000,
    "operatingIncome": 1002000000,
    "totalOtherIncomeExpensesNet": 28000000,
    "incomeBeforeTax": 1030000000,
    "incomeTaxExpense": 314000000,
    "netIncomeFromContinuingOperations": 716000000,
    "netIncomeFromDiscontinuedOperations": 0,
    "otherAdjustmentsToNetIncome": 0,
    "netIncome": 717000000,
    "netIncomeDeductions": 0,
    "bottomLineNetIncome": 717000000,
    "eps": 0.56,
    "epsDiluted": 0.56,
    "weightedAverageShsOut": 1270000019,
    "weightedAverageShsOutDil": 1270000019
  },
  {
    "date": "2011-06-30",
    "symbol": "MA",
    "reportedCurrency": "USD",
    "cik": "0001141391",
    "filingDate": "2011-08-03",
    "acceptedDate": "2011-08-03 13:25:57",
    "fiscalYear": "2011",
    "period": "Q2",
    "revenue": 1667000000,
    "costOfRevenue": 0,
    "grossProfit": 1667000000,
    "researchAndDevelopmentExpenses": 0,
    "generalAndAdministrativeExpenses": 540000000,
    "sellingAndMarketingExpenses": 193000000,
    "sellingGeneralAndAdministrativeExpenses": 733000000,
    "otherExpenses": 49000000,
    "operatingExpenses": 782000000,
    "costAndExpenses": 782000000,
    "netInterestIncome": 9000000,
    "interestIncome": 11000000,
    "interestExpense": 2000000,
    "depreciationAndAmortization": 49000000,
    "ebitda": 943000000,
    "ebit": 894000000,
    "nonOperatingIncomeExcludingInterest": -9000000,
    "operatingIncome": 885000000,
    "totalOtherIncomeExpensesNet": 7000000,
    "incomeBeforeTax": 892000000,
    "incomeTaxExpense": 284000000,
    "netIncomeFromContinuingOperations": 608000000,
    "netIncomeFromDiscontinuedOperations": 0,
    "otherAdjustmentsToNetIncome": 0,
    "netIncome": 608000000,
    "netIncomeDeductions": 0,
    "bottomLineNetIncome": 608000000,
    "eps": 0.48,
    "epsDiluted": 0.48,
    "weightedAverageShsOut": 1270000019,
    "weightedAverageShsOutDil": 1280000019
  },
  {
    "date": "2011-03-31",
    "symbol": "MA",
    "reportedCurrency": "USD",
    "cik": "0001141391",
    "filingDate": "2011-05-03",
    "acceptedDate": "2011-05-03 10:45:41",
    "fiscalYear": "2011",
    "period": "Q1",
    "revenue": 1501000000,
    "costOfRevenue": 0,
    "grossProfit": 1501000000,
    "researchAndDevelopmentExpenses": 0,
    "generalAndAdministrativeExpenses": 494000000,
    "sellingAndMarketingExpenses": 129000000,
    "sellingGeneralAndAdministrativeExpenses": 623000000,
    "otherExpenses": 42000000,
    "operatingExpenses": 665000000,
    "costAndExpenses": 665000000,
    "netInterestIncome": 2000000,
    "interestIncome": 12000000,
    "interestExpense": 10000000,
    "depreciationAndAmortization": 42000000,
    "ebitda": 888000000,
    "ebit": 846000000,
    "nonOperatingIncomeExcludingInterest": -10000000,
    "operatingIncome": 836000000,
    "totalOtherIncomeExpensesNet": 0,
    "incomeBeforeTax": 836000000,
    "incomeTaxExpense": 274000000,
    "netIncomeFromContinuingOperations": 562000000,
    "netIncomeFromDiscontinuedOperations": 0,
    "otherAdjustmentsToNetIncome": 0,
    "netIncome": 562000000,
    "netIncomeDeductions": 0,
    "bottomLineNetIncome": 562000000,
    "eps": 0.43,
    "epsDiluted": 0.43,
    "weightedAverageShsOut": 1300000019,
    "weightedAverageShsOutDil": 1310000019
  },
  {
    "date": "2010-12-31",
    "symbol": "MA",
    "reportedCurrency": "USD",
    "cik": "0001141391",
    "filingDate": "2011-11-23",
    "acceptedDate": "2011-11-23 12:41:59",
    "fiscalYear": "2010",
    "period": "Q4",
    "revenue": 1438000000,
    "costOfRevenue": 0,
    "grossProfit": 1438000000,
    "researchAndDevelopmentExpenses": 0,
    "generalAndAdministrativeExpenses": 518000000,
    "sellingAndMarketingExpenses": 305000000,
    "sellingGeneralAndAdministrativeExpenses": 823000000,
    "otherExpenses": 46000000,
    "operatingExpenses": 869000000,
    "costAndExpenses": 869000000,
    "netInterestIncome": 39000000,
    "interestIncome": 0,
    "interestExpense": 9000000,
    "depreciationAndAmortization": 42000000,
    "ebitda": 633000000,
    "ebit": 591000000,
    "nonOperatingIncomeExcludingInterest": -22000000,
    "operatingIncome": 569000000,
    "totalOtherIncomeExpensesNet": 13000000,
    "incomeBeforeTax": 582000000,
    "incomeTaxExpense": 167000000,
    "netIncomeFromContinuingOperations": 415000000,
    "netIncomeFromDiscontinuedOperations": 0,
    "otherAdjustmentsToNetIncome": 0,
    "netIncome": 415000000,
    "netIncomeDeductions": 0,
    "bottomLineNetIncome": 415000000,
    "eps": 0.32,
    "epsDiluted": 0.32,
    "weightedAverageShsOut": 1300000000,
    "weightedAverageShsOutDil": 1300000000
  },
  {
    "date": "2010-09-30",
    "symbol": "MA",
    "reportedCurrency": "USD",
    "cik": "0001141391",
    "filingDate": "2010-11-02",
    "acceptedDate": "2010-11-02 12:19:52",
    "fiscalYear": "2010",
    "period": "Q3",
    "revenue": 1428000000,
    "costOfRevenue": 0,
    "grossProfit": 1428000000,
    "researchAndDevelopmentExpenses": 0,
    "generalAndAdministrativeExpenses": 444000000,
    "sellingAndMarketingExpenses": 182000000,
    "sellingGeneralAndAdministrativeExpenses": 626000000,
    "otherExpenses": 36000000,
    "operatingExpenses": 662000000,
    "costAndExpenses": 662000000,
    "netInterestIncome": 0,
    "interestIncome": 11000000,
    "interestExpense": 11000000,
    "depreciationAndAmortization": 36000000,
    "ebitda": 814000000,
    "ebit": 778000000,
    "nonOperatingIncomeExcludingInterest": -12000000,
    "operatingIncome": 766000000,
    "totalOtherIncomeExpensesNet": 1000000,
    "incomeBeforeTax": 767000000,
    "incomeTaxExpense": 248000000,
    "netIncomeFromContinuingOperations": 519000000,
    "netIncomeFromDiscontinuedOperations": 0,
    "otherAdjustmentsToNetIncome": 0,
    "netIncome": 518000000,
    "netIncomeDeductions": 0,
    "bottomLineNetIncome": 518000000,
    "eps": 0.4,
    "epsDiluted": 0.39,
    "weightedAverageShsOut": 1310000019,
    "weightedAverageShsOutDil": 1310000019
  },
  {
    "date": "2010-06-30",
    "symbol": "MA",
    "reportedCurrency": "USD",
    "cik": "0001141391",
    "filingDate": "2010-08-03",
    "acceptedDate": "2010-08-03 11:00:59",
    "fiscalYear": "2010",
    "period": "Q2",
    "revenue": 1365000000,
    "costOfRevenue": 0,
    "grossProfit": 1365000000,
    "researchAndDevelopmentExpenses": 0,
    "generalAndAdministrativeExpenses": 433000000,
    "sellingAndMarketingExpenses": 180000000,
    "sellingGeneralAndAdministrativeExpenses": 613000000,
    "otherExpenses": 35000000,
    "operatingExpenses": 648000000,
    "costAndExpenses": 648000000,
    "netInterestIncome": -4000000,
    "interestIncome": 13000000,
    "interestExpense": 17000000,
    "depreciationAndAmortization": 35000000,
    "ebitda": 765000000,
    "ebit": 730000000,
    "nonOperatingIncomeExcludingInterest": -13000000,
    "operatingIncome": 717000000,
    "totalOtherIncomeExpensesNet": -4000000,
    "incomeBeforeTax": 713000000,
    "incomeTaxExpense": 255000000,
    "netIncomeFromContinuingOperations": 458000000,
    "netIncomeFromDiscontinuedOperations": 0,
    "otherAdjustmentsToNetIncome": 0,
    "netIncome": 458000000,
    "netIncomeDeductions": 0,
    "bottomLineNetIncome": 458000000,
    "eps": 0.35,
    "epsDiluted": 0.35,
    "weightedAverageShsOut": 1310000019,
    "weightedAverageShsOutDil": 1310000019
  },
  {
    "date": "2010-03-31",
    "symbol": "MA",
    "reportedCurrency": "USD",
    "cik": "0001141391",
    "filingDate": "2010-05-04",
    "acceptedDate": "2010-05-04 14:50:06",
    "fiscalYear": "2010",
    "period": "Q1",
    "revenue": 1308000000,
    "costOfRevenue": 0,
    "grossProfit": 1308000000,
    "researchAndDevelopmentExpenses": 0,
    "generalAndAdministrativeExpenses": 458000000,
    "sellingAndMarketingExpenses": 115000000,
    "sellingGeneralAndAdministrativeExpenses": 573000000,
    "otherExpenses": 35000000,
    "operatingExpenses": 608000000,
    "costAndExpenses": 608000000,
    "netInterestIncome": -5000000,
    "interestIncome": 10000000,
    "interestExpense": 15000000,
    "depreciationAndAmortization": 35000000,
    "ebitda": 745000000,
    "ebit": 710000000,
    "nonOperatingIncomeExcludingInterest": -10000000,
    "operatingIncome": 700000000,
    "totalOtherIncomeExpensesNet": -5000000,
    "incomeBeforeTax": 695000000,
    "incomeTaxExpense": 240000000,
    "netIncomeFromContinuingOperations": 455000000,
    "netIncomeFromDiscontinuedOperations": 0,
    "otherAdjustmentsToNetIncome": 0,
    "netIncome": 455000000,
    "netIncomeDeductions": 0,
    "bottomLineNetIncome": 455000000,
    "eps": 0.35,
    "epsDiluted": 0.35,
    "weightedAverageShsOut": 1300000019,
    "weightedAverageShsOutDil": 1310000019
  },
  {
    "date": "2009-12-31",
    "symbol": "MA",
    "reportedCurrency": "USD",
    "cik": "0001141391",
    "filingDate": "2010-02-18",
    "acceptedDate": "2010-02-18 13:20:56",
    "fiscalYear": "2009",
    "period": "Q4",
    "revenue": 1298418000,
    "costOfRevenue": 0,
    "grossProfit": 1298418000,
    "researchAndDevelopmentExpenses": 0,
    "generalAndAdministrativeExpenses": 506660000,
    "sellingAndMarketingExpenses": 285205000,
    "sellingGeneralAndAdministrativeExpenses": 791865000,
    "otherExpenses": 38427000,
    "operatingExpenses": 830292000,
    "costAndExpenses": 830292000,
    "netInterestIncome": 32469000,
    "interestIncome": 0,
    "interestExpense": 23442000,
    "depreciationAndAmortization": 38427000,
    "ebitda": 520202000,
    "ebit": 481775000,
    "nonOperatingIncomeExcludingInterest": -13649000,
    "operatingIncome": 468126000,
    "totalOtherIncomeExpensesNet": -9793000,
    "incomeBeforeTax": 458333000,
    "incomeTaxExpense": 163938000,
    "netIncomeFromContinuingOperations": 294395000,
    "netIncomeFromDiscontinuedOperations": 0,
    "otherAdjustmentsToNetIncome": 0,
    "netIncome": 294001000,
    "netIncomeDeductions": 0,
    "bottomLineNetIncome": 294001000,
    "eps": 0.23,
    "epsDiluted": 0.23,
    "weightedAverageShsOut": 1300000000,
    "weightedAverageShsOutDil": 1300000000
  },
  {
    "date": "2009-09-30",
    "symbol": "MA",
    "reportedCurrency": "USD",
    "cik": "0001141391",
    "filingDate": "2009-11-03",
    "acceptedDate": "2009-11-03 15:59:24",
    "fiscalYear": "2009",
    "period": "Q3",
    "revenue": 1364000000,
    "costOfRevenue": 0,
    "grossProfit": 1364275000,
    "researchAndDevelopmentExpenses": 0,
    "generalAndAdministrativeExpenses": 475000000,
    "sellingAndMarketingExpenses": 174000000,
    "sellingGeneralAndAdministrativeExpenses": 649000000,
    "otherExpenses": 42000000,
    "operatingExpenses": 691000000,
    "costAndExpenses": 691000000,
    "netInterestIncome": -24000000,
    "interestIncome": 0,
    "interestExpense": 24000000,
    "depreciationAndAmortization": 36000000,
    "ebitda": 733000000,
    "ebit": 697000000,
    "nonOperatingIncomeExcludingInterest": -24000000,
    "operatingIncome": 673000000,
    "totalOtherIncomeExpensesNet": 0,
    "incomeBeforeTax": 673000000,
    "incomeTaxExpense": 221000000,
    "netIncomeFromContinuingOperations": 452000000,
    "netIncomeFromDiscontinuedOperations": 0,
    "otherAdjustmentsToNetIncome": -59000,
    "netIncome": 452000000,
    "netIncomeDeductions": 0,
    "bottomLineNetIncome": 452000000,
    "eps": 0.35,
    "epsDiluted": 0.35,
    "weightedAverageShsOut": 1300000019,
    "weightedAverageShsOutDil": 1300000019
  },
  {
    "date": "2009-06-30",
    "symbol": "MA",
    "reportedCurrency": "USD",
    "cik": "0001141391",
    "filingDate": "2009-07-31",
    "acceptedDate": "2009-07-30 17:59:46",
    "fiscalYear": "2009",
    "period": "Q2",
    "revenue": 1280000000,
    "costOfRevenue": 0,
    "grossProfit": 1279889000,
    "researchAndDevelopmentExpenses": 0,
    "generalAndAdministrativeExpenses": 507000000,
    "sellingAndMarketingExpenses": 180000000,
    "sellingGeneralAndAdministrativeExpenses": 687000000,
    "otherExpenses": 36000000,
    "operatingExpenses": 723000000,
    "costAndExpenses": 723000000,
    "netInterestIncome": -32000000,
    "interestIncome": 0,
    "interestExpense": 32000000,
    "depreciationAndAmortization": 36000000,
    "ebitda": 604000000,
    "ebit": 568000000,
    "nonOperatingIncomeExcludingInterest": -11000000,
    "operatingIncome": 557000000,
    "totalOtherIncomeExpensesNet": -21000000,
    "incomeBeforeTax": 536000000,
    "incomeTaxExpense": 187000000,
    "netIncomeFromContinuingOperations": 349000000,
    "netIncomeFromDiscontinuedOperations": 0,
    "otherAdjustmentsToNetIncome": -195000,
    "netIncome": 349000000,
    "netIncomeDeductions": 0,
    "bottomLineNetIncome": 349000000,
    "eps": 0.27,
    "epsDiluted": 0.27,
    "weightedAverageShsOut": 1300000019,
    "weightedAverageShsOutDil": 1300000019
  },
  {
    "date": "2009-03-31",
    "symbol": "MA",
    "reportedCurrency": "USD",
    "cik": "0001141391",
    "filingDate": "2009-05-01",
    "acceptedDate": "2009-05-01 12:03:11",
    "fiscalYear": "2009",
    "period": "Q1",
    "revenue": 1156000000,
    "costOfRevenue": 0,
    "grossProfit": 1156000000,
    "researchAndDevelopmentExpenses": 0,
    "generalAndAdministrativeExpenses": 448000000,
    "sellingAndMarketingExpenses": 116000000,
    "sellingGeneralAndAdministrativeExpenses": 564000000,
    "otherExpenses": 31000000,
    "operatingExpenses": 595000000,
    "costAndExpenses": 595000000,
    "netInterestIncome": -36000000,
    "interestIncome": 0,
    "interestExpense": 36000000,
    "depreciationAndAmortization": 31000000,
    "ebitda": 617000000,
    "ebit": 586000000,
    "nonOperatingIncomeExcludingInterest": -25000000,
    "operatingIncome": 561000000,
    "totalOtherIncomeExpensesNet": -11000000,
    "incomeBeforeTax": 550000000,
    "incomeTaxExpense": 183000000,
    "netIncomeFromContinuingOperations": 367000000,
    "netIncomeFromDiscontinuedOperations": 0,
    "otherAdjustmentsToNetIncome": 0,
    "netIncome": 367000000,
    "netIncomeDeductions": 0,
    "bottomLineNetIncome": 367000000,
    "eps": 0.28,
    "epsDiluted": 0.28,
    "weightedAverageShsOut": 1300000019,
    "weightedAverageShsOutDil": 1300000019
  },
  {
    "date": "2008-12-31",
    "symbol": "MA",
    "reportedCurrency": "USD",
    "cik": "0001141391",
    "filingDate": "2009-02-19",
    "acceptedDate": "2009-02-19 16:06:14",
    "fiscalYear": "2008",
    "period": "Q4",
    "revenue": 1224834000,
    "costOfRevenue": 0,
    "grossProfit": 1224834000,
    "researchAndDevelopmentExpenses": 0,
    "generalAndAdministrativeExpenses": 478590000,
    "sellingAndMarketingExpenses": 247838000,
    "sellingGeneralAndAdministrativeExpenses": 726428000,
    "otherExpenses": 36050000,
    "operatingExpenses": 762478000,
    "costAndExpenses": 762478000,
    "netInterestIncome": 0,
    "interestIncome": 0,
    "interestExpense": 0,
    "depreciationAndAmortization": 30050000,
    "ebitda": 747298000,
    "ebit": 717248000,
    "nonOperatingIncomeExcludingInterest": -254892000,
    "operatingIncome": 462356000,
    "totalOtherIncomeExpensesNet": -17296000,
    "incomeBeforeTax": 445060000,
    "incomeTaxExpense": 205618000,
    "netIncomeFromContinuingOperations": 239442000,
    "netIncomeFromDiscontinuedOperations": 0,
    "otherAdjustmentsToNetIncome": 0,
    "netIncome": 239442000,
    "netIncomeDeductions": 0,
    "bottomLineNetIncome": 239442000,
    "eps": 0.18,
    "epsDiluted": 0.18,
    "weightedAverageShsOut": 1295660019,
    "weightedAverageShsOutDil": 1296360000
  },
  {
    "date": "2008-09-30",
    "symbol": "MA",
    "reportedCurrency": "USD",
    "cik": "0001141391",
    "filingDate": "2008-11-04",
    "acceptedDate": "2008-11-03 20:36:14",
    "fiscalYear": "2008",
    "period": "Q3",
    "revenue": 1338178000,
    "costOfRevenue": 0,
    "grossProfit": 1338178000,
    "researchAndDevelopmentExpenses": 0,
    "generalAndAdministrativeExpenses": 493740000,
    "sellingAndMarketingExpenses": 267460000,
    "sellingGeneralAndAdministrativeExpenses": 761200000,
    "otherExpenses": 856242000,
    "operatingExpenses": 1617442000,
    "costAndExpenses": 1617442000,
    "netInterestIncome": 0,
    "interestIncome": 0,
    "interestExpense": 0,
    "depreciationAndAmortization": 28742000,
    "ebitda": -250522000,
    "ebit": -279264000,
    "nonOperatingIncomeExcludingInterest": 0,
    "operatingIncome": -279264000,
    "totalOtherIncomeExpensesNet": -14408000,
    "incomeBeforeTax": -293672000,
    "incomeTaxExpense": -100090000,
    "netIncomeFromContinuingOperations": -193582000,
    "netIncomeFromDiscontinuedOperations": 0,
    "otherAdjustmentsToNetIncome": 0,
    "netIncome": -193582000,
    "netIncomeDeductions": 0,
    "bottomLineNetIncome": -193582000,
    "eps": -0.15,
    "epsDiluted": -0.15,
    "weightedAverageShsOut": 1295360019,
    "weightedAverageShsOutDil": 1295360019
  },
  {
    "date": "2008-06-30",
    "symbol": "MA",
    "reportedCurrency": "USD",
    "cik": "0001141391",
    "filingDate": "2008-08-01",
    "acceptedDate": "2008-07-31 19:38:54",
    "fiscalYear": "2008",
    "period": "Q2",
    "revenue": 1246504000,
    "costOfRevenue": 0,
    "grossProfit": 1246504000,
    "researchAndDevelopmentExpenses": 0,
    "generalAndAdministrativeExpenses": 499349000,
    "sellingAndMarketingExpenses": 303064000,
    "sellingGeneralAndAdministrativeExpenses": 802413000,
    "otherExpenses": 1677295000,
    "operatingExpenses": 2479708000,
    "costAndExpenses": 2479708000,
    "netInterestIncome": 0,
    "interestIncome": 0,
    "interestExpense": 0,
    "depreciationAndAmortization": 27950000,
    "ebitda": -1205254000,
    "ebit": -1233204000,
    "nonOperatingIncomeExcludingInterest": 0,
    "operatingIncome": -1233204000,
    "totalOtherIncomeExpensesNet": 10022000,
    "incomeBeforeTax": -1223182000,
    "incomeTaxExpense": -476529000,
    "netIncomeFromContinuingOperations": -746653000,
    "netIncomeFromDiscontinuedOperations": 0,
    "otherAdjustmentsToNetIncome": 0,
    "netIncome": -746653000,
    "netIncomeDeductions": 0,
    "bottomLineNetIncome": -746653000,
    "eps": -0.57,
    "epsDiluted": -0.57,
    "weightedAverageShsOut": 1300730019,
    "weightedAverageShsOutDil": 1300730019
  },
  {
    "date": "2008-03-31",
    "symbol": "MA",
    "reportedCurrency": "USD",
    "cik": "0001141391",
    "filingDate": "2008-04-29",
    "acceptedDate": "2008-04-29 14:56:45",
    "fiscalYear": "2008",
    "period": "Q1",
    "revenue": 1182084000,
    "costOfRevenue": 0,
    "grossProfit": 1182084000,
    "researchAndDevelopmentExpenses": 0,
    "generalAndAdministrativeExpenses": 461625000,
    "sellingAndMarketingExpenses": 179588000,
    "sellingGeneralAndAdministrativeExpenses": 641213000,
    "otherExpenses": 25264000,
    "operatingExpenses": 666477000,
    "costAndExpenses": 666477000,
    "netInterestIncome": -15318000,
    "interestIncome": 0,
    "interestExpense": 15318000,
    "depreciationAndAmortization": 25264000,
    "ebitda": 729163000,
    "ebit": 703899000,
    "nonOperatingIncomeExcludingInterest": -188292000,
    "operatingIncome": 515607000,
    "totalOtherIncomeExpensesNet": 172974000,
    "incomeBeforeTax": 688581000,
    "incomeTaxExpense": 241703000,
    "netIncomeFromContinuingOperations": 446878000,
    "netIncomeFromDiscontinuedOperations": 0,
    "otherAdjustmentsToNetIncome": 0,
    "netIncome": 446878000,
    "netIncomeDeductions": 0,
    "bottomLineNetIncome": 446878000,
    "eps": 0.34,
    "epsDiluted": 0.34,
    "weightedAverageShsOut": 1314260019,
    "weightedAverageShsOutDil": 1317640019
  },
  {
    "date": "2007-12-31",
    "symbol": "MA",
    "reportedCurrency": "USD",
    "cik": "0001141391",
    "filingDate": "2008-02-21",
    "acceptedDate": "2008-02-20 20:44:14",
    "fiscalYear": "2007",
    "period": "Q4",
    "revenue": 1072687000,
    "costOfRevenue": 0,
    "grossProfit": 1072687000,
    "researchAndDevelopmentExpenses": 0,
    "generalAndAdministrativeExpenses": 495550000,
    "sellingAndMarketingExpenses": 368929000,
    "sellingGeneralAndAdministrativeExpenses": 864479000,
    "otherExpenses": 36152000,
    "operatingExpenses": 900631000,
    "costAndExpenses": 900631000,
    "netInterestIncome": 0,
    "interestIncome": 0,
    "interestExpense": 0,
    "depreciationAndAmortization": 26152000,
    "ebitda": 198208000,
    "ebit": 172056000,
    "nonOperatingIncomeExcludingInterest": 0,
    "operatingIncome": 172056000,
    "totalOtherIncomeExpensesNet": 294980000,
    "incomeBeforeTax": 467036000,
    "incomeTaxExpense": 162803000,
    "netIncomeFromContinuingOperations": 304233000,
    "netIncomeFromDiscontinuedOperations": 0,
    "otherAdjustmentsToNetIncome": 0,
    "netIncome": 304233000,
    "netIncomeDeductions": 0,
    "bottomLineNetIncome": 304233000,
    "eps": 0.23,
    "epsDiluted": 0.23,
    "weightedAverageShsOut": 1314260000,
    "weightedAverageShsOutDil": 1314260000
  },
  {
    "date": "2007-09-30",
    "symbol": "MA",
    "reportedCurrency": "USD",
    "cik": "0001141391",
    "filingDate": "2007-10-31",
    "acceptedDate": "2007-10-31 12:04:33",
    "fiscalYear": "2007",
    "period": "Q3",
    "revenue": 1082850000,
    "costOfRevenue": 0,
    "grossProfit": 1082850000,
    "researchAndDevelopmentExpenses": 0,
    "generalAndAdministrativeExpenses": 432848000,
    "sellingAndMarketingExpenses": 264425000,
    "sellingGeneralAndAdministrativeExpenses": 697273000,
    "otherExpenses": 32274000,
    "operatingExpenses": 729547000,
    "costAndExpenses": 729547000,
    "netInterestIncome": 0,
    "interestIncome": 0,
    "interestExpense": 0,
    "depreciationAndAmortization": 22274000,
    "ebitda": 375577000,
    "ebit": 353303000,
    "nonOperatingIncomeExcludingInterest": 0,
    "operatingIncome": 353303000,
    "totalOtherIncomeExpensesNet": 129004000,
    "incomeBeforeTax": 482307000,
    "incomeTaxExpense": 167846000,
    "netIncomeFromContinuingOperations": 314461000,
    "netIncomeFromDiscontinuedOperations": 0,
    "otherAdjustmentsToNetIncome": 0,
    "netIncome": 314461000,
    "netIncomeDeductions": 0,
    "bottomLineNetIncome": 314461000,
    "eps": 0.23,
    "epsDiluted": 0.23,
    "weightedAverageShsOut": 1353570020,
    "weightedAverageShsOutDil": 1362280020
  },
  {
    "date": "2007-06-30",
    "symbol": "MA",
    "reportedCurrency": "USD",
    "cik": "0001141391",
    "filingDate": "2007-08-01",
    "acceptedDate": "2007-08-01 12:18:19",
    "fiscalYear": "2007",
    "period": "Q2",
    "revenue": 996959000,
    "costOfRevenue": 0,
    "grossProfit": 996959000,
    "researchAndDevelopmentExpenses": 0,
    "generalAndAdministrativeExpenses": 431463000,
    "sellingAndMarketingExpenses": 268253000,
    "sellingGeneralAndAdministrativeExpenses": 699716000,
    "otherExpenses": 28427000,
    "operatingExpenses": 728143000,
    "costAndExpenses": 728143000,
    "netInterestIncome": 0,
    "interestIncome": 0,
    "interestExpense": 0,
    "depreciationAndAmortization": 25028000,
    "ebitda": 293844000,
    "ebit": 268816000,
    "nonOperatingIncomeExcludingInterest": 0,
    "operatingIncome": 268816000,
    "totalOtherIncomeExpensesNet": 117483000,
    "incomeBeforeTax": 386299000,
    "incomeTaxExpense": 134013000,
    "netIncomeFromContinuingOperations": 252286000,
    "netIncomeFromDiscontinuedOperations": 0,
    "otherAdjustmentsToNetIncome": 0,
    "netIncome": 252286000,
    "netIncomeDeductions": 0,
    "bottomLineNetIncome": 252286000,
    "eps": 0.19,
    "epsDiluted": 0.19,
    "weightedAverageShsOut": 1358650020,
    "weightedAverageShsOutDil": 1366870020
  },
  {
    "date": "2007-03-31",
    "symbol": "MA",
    "reportedCurrency": "USD",
    "cik": "0001141391",
    "filingDate": "2007-05-02",
    "acceptedDate": "2007-05-02 14:38:54",
    "fiscalYear": "2007",
    "period": "Q1",
    "revenue": 915103000,
    "costOfRevenue": 0,
    "grossProfit": 915103000,
    "researchAndDevelopmentExpenses": 0,
    "generalAndAdministrativeExpenses": 398526000,
    "sellingAndMarketingExpenses": 178451000,
    "sellingGeneralAndAdministrativeExpenses": 576977000,
    "otherExpenses": 24188000,
    "operatingExpenses": 601165000,
    "costAndExpenses": 601165000,
    "netInterestIncome": 0,
    "interestIncome": 0,
    "interestExpense": 0,
    "depreciationAndAmortization": 24188000,
    "ebitda": 338126000,
    "ebit": 313938000,
    "nonOperatingIncomeExcludingInterest": 0,
    "operatingIncome": 313938000,
    "totalOtherIncomeExpensesNet": 21852000,
    "incomeBeforeTax": 335790000,
    "incomeTaxExpense": 120884000,
    "netIncomeFromContinuingOperations": 214906000,
    "netIncomeFromDiscontinuedOperations": 0,
    "otherAdjustmentsToNetIncome": 0,
    "netIncome": 214906000,
    "netIncomeDeductions": 0,
    "bottomLineNetIncome": 214906000,
    "eps": 0.16,
    "epsDiluted": 0.16,
    "weightedAverageShsOut": 1358470020,
    "weightedAverageShsOutDil": 1365940020
  },
  {
    "date": "2006-12-31",
    "symbol": "MA",
    "reportedCurrency": "USD",
    "cik": "0001141391",
    "filingDate": "2007-02-28",
    "acceptedDate": "2007-02-28 14:20:59",
    "fiscalYear": "2006",
    "period": "Q4",
    "revenue": 839163000,
    "costOfRevenue": 0,
    "grossProfit": 839163000,
    "researchAndDevelopmentExpenses": 0,
    "generalAndAdministrativeExpenses": 376054000,
    "sellingAndMarketingExpenses": 352934000,
    "sellingGeneralAndAdministrativeExpenses": 728988000,
    "otherExpenses": 64187000,
    "operatingExpenses": 793175000,
    "costAndExpenses": 793175000,
    "netInterestIncome": 0,
    "interestIncome": 0,
    "interestExpense": 0,
    "depreciationAndAmortization": 24730000,
    "ebitda": 70718000,
    "ebit": 45988000,
    "nonOperatingIncomeExcludingInterest": 0,
    "operatingIncome": 45988000,
    "totalOtherIncomeExpensesNet": 23750000,
    "incomeBeforeTax": 69738000,
    "incomeTaxExpense": 28836000,
    "netIncomeFromContinuingOperations": 40902000,
    "netIncomeFromDiscontinuedOperations": 0,
    "otherAdjustmentsToNetIncome": 0,
    "netIncome": 40902000,
    "netIncomeDeductions": 0,
    "bottomLineNetIncome": 40902000,
    "eps": 0.0301,
    "epsDiluted": 0.0301,
    "weightedAverageShsOut": 1357080020,
    "weightedAverageShsOutDil": 1358470000
  },
  {
    "date": "2006-09-30",
    "symbol": "MA",
    "reportedCurrency": "USD",
    "cik": "0001141391",
    "filingDate": "2006-11-01",
    "acceptedDate": "2006-11-01 13:59:03",
    "fiscalYear": "2006",
    "period": "Q3",
    "revenue": 901969000,
    "costOfRevenue": 0,
    "grossProfit": 901969000,
    "researchAndDevelopmentExpenses": 0,
    "generalAndAdministrativeExpenses": 392883000,
    "sellingAndMarketingExpenses": 209187000,
    "sellingGeneralAndAdministrativeExpenses": 602070000,
    "otherExpenses": 25139000,
    "operatingExpenses": 627209000,
    "costAndExpenses": 627209000,
    "netInterestIncome": 0,
    "interestIncome": 0,
    "interestExpense": 0,
    "depreciationAndAmortization": 25139000,
    "ebitda": 299899000,
    "ebit": 274760000,
    "nonOperatingIncomeExcludingInterest": 0,
    "operatingIncome": 274760000,
    "totalOtherIncomeExpensesNet": 17349000,
    "incomeBeforeTax": 292109000,
    "incomeTaxExpense": 99105000,
    "netIncomeFromContinuingOperations": 193004000,
    "netIncomeFromDiscontinuedOperations": 0,
    "otherAdjustmentsToNetIncome": 0,
    "netIncome": 193004000,
    "netIncomeDeductions": 0,
    "bottomLineNetIncome": 193004000,
    "eps": 0.14,
    "epsDiluted": 0.14,
    "weightedAverageShsOut": 1356840020,
    "weightedAverageShsOutDil": 1361340020
  },
  {
    "date": "2006-06-30",
    "symbol": "MA",
    "reportedCurrency": "USD",
    "cik": "0001141391",
    "filingDate": "2006-08-02",
    "acceptedDate": "2006-08-02 15:28:47",
    "fiscalYear": "2006",
    "period": "Q2",
    "revenue": 846489000,
    "costOfRevenue": 0,
    "grossProfit": 846489000,
    "researchAndDevelopmentExpenses": 0,
    "generalAndAdministrativeExpenses": 388411000,
    "sellingAndMarketingExpenses": 307066000,
    "sellingGeneralAndAdministrativeExpenses": 695477000,
    "otherExpenses": 424978000,
    "operatingExpenses": 1120455000,
    "costAndExpenses": 1120455000,
    "netInterestIncome": 0,
    "interestIncome": 0,
    "interestExpense": 0,
    "depreciationAndAmortization": 24693000,
    "ebitda": -249273000,
    "ebit": -273966000,
    "nonOperatingIncomeExcludingInterest": 0,
    "operatingIncome": -273966000,
    "totalOtherIncomeExpensesNet": 13374000,
    "incomeBeforeTax": -260592000,
    "incomeTaxExpense": 49868000,
    "netIncomeFromContinuingOperations": -310460000,
    "netIncomeFromDiscontinuedOperations": 0,
    "otherAdjustmentsToNetIncome": 0,
    "netIncome": -310460000,
    "netIncomeDeductions": 0,
    "bottomLineNetIncome": -310460000,
    "eps": -0.23,
    "epsDiluted": -0.23,
    "weightedAverageShsOut": 1352520020,
    "weightedAverageShsOutDil": 1352520020
  },
  {
    "date": "2006-03-31",
    "symbol": "MA",
    "reportedCurrency": "USD",
    "cik": "0001141391",
    "filingDate": "2006-05-02",
    "acceptedDate": "2006-05-02 16:45:07",
    "fiscalYear": "2006",
    "period": "Q1",
    "revenue": 738453000,
    "costOfRevenue": 0,
    "grossProfit": 738453000,
    "researchAndDevelopmentExpenses": 0,
    "generalAndAdministrativeExpenses": 347837000,
    "sellingAndMarketingExpenses": 182683000,
    "sellingGeneralAndAdministrativeExpenses": 530520000,
    "otherExpenses": 25220000,
    "operatingExpenses": 555740000,
    "costAndExpenses": 555740000,
    "netInterestIncome": 0,
    "interestIncome": 0,
    "interestExpense": 0,
    "depreciationAndAmortization": 25220000,
    "ebitda": 207933000,
    "ebit": 182713000,
    "nonOperatingIncomeExcludingInterest": 0,
    "operatingIncome": 182713000,
    "totalOtherIncomeExpensesNet": 10204000,
    "incomeBeforeTax": 192917000,
    "incomeTaxExpense": 66173000,
    "netIncomeFromContinuingOperations": 126744000,
    "netIncomeFromDiscontinuedOperations": 0,
    "otherAdjustmentsToNetIncome": 0,
    "netIncome": 126744000,
    "netIncomeDeductions": 0,
    "bottomLineNetIncome": 126744000,
    "eps": 0.094,
    "epsDiluted": 0.094,
    "weightedAverageShsOut": 1349690020,
    "weightedAverageShsOutDil": 1349690020
  },
  {
    "date": "2005-12-31",
    "symbol": "MA",
    "reportedCurrency": "USD",
    "cik": "0001141391",
    "filingDate": "2006-03-16",
    "acceptedDate": "2006-03-16 13:25:32",
    "fiscalYear": "2005",
    "period": "Q4",
    "revenue": 734407000,
    "costOfRevenue": 0,
    "grossProfit": 734407000,
    "researchAndDevelopmentExpenses": 0,
    "generalAndAdministrativeExpenses": 0,
    "sellingAndMarketingExpenses": 0,
    "sellingGeneralAndAdministrativeExpenses": 0,
    "otherExpenses": 2544444000,
    "operatingExpenses": 2544444000,
    "costAndExpenses": 2544444000,
    "netInterestIncome": 0,
    "interestIncome": 0,
    "interestExpense": 0,
    "depreciationAndAmortization": 0,
    "ebitda": -1810037000,
    "ebit": -1810037000,
    "nonOperatingIncomeExcludingInterest": 0,
    "operatingIncome": -1810037000,
    "totalOtherIncomeExpensesNet": 1810037000,
    "incomeBeforeTax": 0,
    "incomeTaxExpense": 0,
    "netIncomeFromContinuingOperations": 66680000,
    "netIncomeFromDiscontinuedOperations": 0,
    "otherAdjustmentsToNetIncome": 0,
    "netIncome": 66680000,
    "netIncomeDeductions": 0,
    "bottomLineNetIncome": 66680000,
    "eps": 0.0667,
    "epsDiluted": 0.0667,
    "weightedAverageShsOut": 1000000000,
    "weightedAverageShsOutDil": 1000000000
  },
  {
    "date": "2005-09-30",
    "symbol": "MA",
    "reportedCurrency": "USD",
    "cik": "0001141391",
    "filingDate": "2005-11-03",
    "acceptedDate": "2005-11-02 18:56:58",
    "fiscalYear": "2005",
    "period": "Q3",
    "revenue": 734407000,
    "costOfRevenue": 0,
    "grossProfit": 734407000,
    "researchAndDevelopmentExpenses": 0,
    "generalAndAdministrativeExpenses": 0,
    "sellingAndMarketingExpenses": 0,
    "sellingGeneralAndAdministrativeExpenses": 0,
    "otherExpenses": 0,
    "operatingExpenses": 0,
    "costAndExpenses": 0,
    "netInterestIncome": 0,
    "interestIncome": 0,
    "interestExpense": 0,
    "depreciationAndAmortization": 0,
    "ebitda": 734407000,
    "ebit": 734407000,
    "nonOperatingIncomeExcludingInterest": 0,
    "operatingIncome": 734407000,
    "totalOtherIncomeExpensesNet": -734407000,
    "incomeBeforeTax": 0,
    "incomeTaxExpense": 0,
    "netIncomeFromContinuingOperations": 66680000,
    "netIncomeFromDiscontinuedOperations": 0,
    "otherAdjustmentsToNetIncome": 0,
    "netIncome": 66680000,
    "netIncomeDeductions": 0,
    "bottomLineNetIncome": 66680000,
    "eps": 0.11,
    "epsDiluted": 0.11,
    "weightedAverageShsOut": 1000000015,
    "weightedAverageShsOutDil": 1000000015
  },
  {
    "date": "2005-06-30",
    "symbol": "MA",
    "reportedCurrency": "USD",
    "cik": "0001141391",
    "filingDate": "2005-08-05",
    "acceptedDate": "2005-08-05 09:47:05",
    "fiscalYear": "2005",
    "period": "Q2",
    "revenue": 734407000,
    "costOfRevenue": 0,
    "grossProfit": 734407000,
    "researchAndDevelopmentExpenses": 0,
    "generalAndAdministrativeExpenses": 0,
    "sellingAndMarketingExpenses": 0,
    "sellingGeneralAndAdministrativeExpenses": 0,
    "otherExpenses": 0,
    "operatingExpenses": 0,
    "costAndExpenses": 0,
    "netInterestIncome": 0,
    "interestIncome": 0,
    "interestExpense": 0,
    "depreciationAndAmortization": 0,
    "ebitda": 734407000,
    "ebit": 734407000,
    "nonOperatingIncomeExcludingInterest": 0,
    "operatingIncome": 734407000,
    "totalOtherIncomeExpensesNet": -734407000,
    "incomeBeforeTax": 0,
    "incomeTaxExpense": 0,
    "netIncomeFromContinuingOperations": 66680000,
    "netIncomeFromDiscontinuedOperations": 0,
    "otherAdjustmentsToNetIncome": 0,
    "netIncome": 66680000,
    "netIncomeDeductions": 0,
    "bottomLineNetIncome": 66680000,
    "eps": 0.12,
    "epsDiluted": 0.12,
    "weightedAverageShsOut": 1000000015,
    "weightedAverageShsOutDil": 1000000015
  },
  {
    "date": "2005-03-31",
    "symbol": "MA",
    "reportedCurrency": "USD",
    "cik": "0001141391",
    "filingDate": "2005-05-09",
    "acceptedDate": "2005-05-09 15:28:23",
    "fiscalYear": "2005",
    "period": "Q1",
    "revenue": 734407000,
    "costOfRevenue": 0,
    "grossProfit": 734407000,
    "researchAndDevelopmentExpenses": 0,
    "generalAndAdministrativeExpenses": 0,
    "sellingAndMarketingExpenses": 0,
    "sellingGeneralAndAdministrativeExpenses": 0,
    "otherExpenses": 0,
    "operatingExpenses": 0,
    "costAndExpenses": 0,
    "netInterestIncome": 0,
    "interestIncome": 0,
    "interestExpense": 0,
    "depreciationAndAmortization": 0,
    "ebitda": 734407000,
    "ebit": 734407000,
    "nonOperatingIncomeExcludingInterest": 0,
    "operatingIncome": 734407000,
    "totalOtherIncomeExpensesNet": -734407000,
    "incomeBeforeTax": 0,
    "incomeTaxExpense": 0,
    "netIncomeFromContinuingOperations": 66680000,
    "netIncomeFromDiscontinuedOperations": 0,
    "otherAdjustmentsToNetIncome": 0,
    "netIncome": 66680000,
    "netIncomeDeductions": 0,
    "bottomLineNetIncome": 66680000,
    "eps": 0.093,
    "epsDiluted": 0.093,
    "weightedAverageShsOut": 1000000015,
    "weightedAverageShsOutDil": 1000000015
  },
  {
    "date": "2004-12-31",
    "symbol": "MA",
    "reportedCurrency": "USD",
    "cik": "0001141391",
    "filingDate": "2005-03-02",
    "acceptedDate": "2005-03-02 08:12:03",
    "fiscalYear": "2004",
    "period": "Q4",
    "revenue": 648332000,
    "costOfRevenue": 0,
    "grossProfit": 648332000,
    "researchAndDevelopmentExpenses": 0,
    "generalAndAdministrativeExpenses": 0,
    "sellingAndMarketingExpenses": 0,
    "sellingGeneralAndAdministrativeExpenses": 0,
    "otherExpenses": 2246658000,
    "operatingExpenses": 2246658000,
    "costAndExpenses": 2246658000,
    "netInterestIncome": 0,
    "interestIncome": 0,
    "interestExpense": 0,
    "depreciationAndAmortization": 0,
    "ebitda": -1598326000,
    "ebit": -1598326000,
    "nonOperatingIncomeExcludingInterest": 0,
    "operatingIncome": -1598326000,
    "totalOtherIncomeExpensesNet": 1598326000,
    "incomeBeforeTax": 0,
    "incomeTaxExpense": 0,
    "netIncomeFromContinuingOperations": 59515000,
    "netIncomeFromDiscontinuedOperations": 0,
    "otherAdjustmentsToNetIncome": 0,
    "netIncome": 59515000,
    "netIncomeDeductions": 0,
    "bottomLineNetIncome": 59515000,
    "eps": 0.0595,
    "epsDiluted": 0.0595,
    "weightedAverageShsOut": 1000000000,
    "weightedAverageShsOutDil": 1000000000
  },
  {
    "date": "2004-09-30",
    "symbol": "MA",
    "reportedCurrency": "USD",
    "cik": "0001141391",
    "filingDate": "2004-11-09",
    "acceptedDate": "2004-11-09 15:44:22",
    "fiscalYear": "2004",
    "period": "Q3",
    "revenue": 648333000,
    "costOfRevenue": 0,
    "grossProfit": 648333000,
    "researchAndDevelopmentExpenses": 0,
    "generalAndAdministrativeExpenses": 0,
    "sellingAndMarketingExpenses": 0,
    "sellingGeneralAndAdministrativeExpenses": 0,
    "otherExpenses": 0,
    "operatingExpenses": 0,
    "costAndExpenses": 0,
    "netInterestIncome": 0,
    "interestIncome": 0,
    "interestExpense": 0,
    "depreciationAndAmortization": 0,
    "ebitda": 648333000,
    "ebit": 648333000,
    "nonOperatingIncomeExcludingInterest": 0,
    "operatingIncome": 648333000,
    "totalOtherIncomeExpensesNet": -648333000,
    "incomeBeforeTax": 0,
    "incomeTaxExpense": 0,
    "netIncomeFromContinuingOperations": 59515000,
    "netIncomeFromDiscontinuedOperations": 0,
    "otherAdjustmentsToNetIncome": 0,
    "netIncome": 59515000,
    "netIncomeDeductions": 0,
    "bottomLineNetIncome": 59515000,
    "eps": 0.0626,
    "epsDiluted": 0.0626,
    "weightedAverageShsOut": 950997277,
    "weightedAverageShsOutDil": 950997277
  },
  {
    "date": "2004-06-30",
    "symbol": "MA",
    "reportedCurrency": "USD",
    "cik": "0001141391",
    "filingDate": "2004-08-05",
    "acceptedDate": "2004-08-05 14:49:17",
    "fiscalYear": "2004",
    "period": "Q2",
    "revenue": 648333000,
    "costOfRevenue": 0,
    "grossProfit": 648333000,
    "researchAndDevelopmentExpenses": 0,
    "generalAndAdministrativeExpenses": 0,
    "sellingAndMarketingExpenses": 0,
    "sellingGeneralAndAdministrativeExpenses": 0,
    "otherExpenses": 0,
    "operatingExpenses": 0,
    "costAndExpenses": 0,
    "netInterestIncome": 0,
    "interestIncome": 0,
    "interestExpense": 0,
    "depreciationAndAmortization": 0,
    "ebitda": 648333000,
    "ebit": 648333000,
    "nonOperatingIncomeExcludingInterest": 0,
    "operatingIncome": 648333000,
    "totalOtherIncomeExpensesNet": -648333000,
    "incomeBeforeTax": 0,
    "incomeTaxExpense": 0,
    "netIncomeFromContinuingOperations": 59515000,
    "netIncomeFromDiscontinuedOperations": 0,
    "otherAdjustmentsToNetIncome": 0,
    "netIncome": 59515000,
    "netIncomeDeductions": 0,
    "bottomLineNetIncome": 59515000,
    "eps": 0.066,
    "epsDiluted": 0.066,
    "weightedAverageShsOut": 901742438,
    "weightedAverageShsOutDil": 901742438
  },
  {
    "date": "2004-03-31",
    "symbol": "MA",
    "reportedCurrency": "USD",
    "cik": "0001141391",
    "filingDate": "2004-05-10",
    "acceptedDate": "2004-05-10 16:57:21",
    "fiscalYear": "2004",
    "period": "Q1",
    "revenue": 648333000,
    "costOfRevenue": 0,
    "grossProfit": 648333000,
    "researchAndDevelopmentExpenses": 0,
    "generalAndAdministrativeExpenses": 0,
    "sellingAndMarketingExpenses": 0,
    "sellingGeneralAndAdministrativeExpenses": 0,
    "otherExpenses": 0,
    "operatingExpenses": 0,
    "costAndExpenses": 0,
    "netInterestIncome": 0,
    "interestIncome": 0,
    "interestExpense": 0,
    "depreciationAndAmortization": 0,
    "ebitda": 648333000,
    "ebit": 648333000,
    "nonOperatingIncomeExcludingInterest": 0,
    "operatingIncome": 648333000,
    "totalOtherIncomeExpensesNet": -648333000,
    "incomeBeforeTax": 0,
    "incomeTaxExpense": 0,
    "netIncomeFromContinuingOperations": 59515000,
    "netIncomeFromDiscontinuedOperations": 0,
    "otherAdjustmentsToNetIncome": 0,
    "netIncome": 59515000,
    "netIncomeDeductions": 0,
    "bottomLineNetIncome": 59515000,
    "eps": 0.074,
    "epsDiluted": 0.074,
    "weightedAverageShsOut": 804256769,
    "weightedAverageShsOutDil": 804256769
  },
  {
    "date": "2003-12-31",
    "symbol": "MA",
    "reportedCurrency": "USD",
    "cik": "0001141391",
    "filingDate": "2004-03-04",
    "acceptedDate": "2004-03-04 13:04:36",
    "fiscalYear": "2003",
    "period": "Q4",
    "revenue": 567574000,
    "costOfRevenue": 0,
    "grossProfit": 567574000,
    "researchAndDevelopmentExpenses": 0,
    "generalAndAdministrativeExpenses": 1040125000,
    "sellingAndMarketingExpenses": 320410000,
    "sellingGeneralAndAdministrativeExpenses": 1360535000,
    "otherExpenses": -690014000,
    "operatingExpenses": 670521000,
    "costAndExpenses": 670521000,
    "netInterestIncome": 0,
    "interestIncome": 0,
    "interestExpense": 0,
    "depreciationAndAmortization": 30986000,
    "ebitda": -18683000,
    "ebit": -49669000,
    "nonOperatingIncomeExcludingInterest": -53278000,
    "operatingIncome": -102947000,
    "totalOtherIncomeExpensesNet": -4727000,
    "incomeBeforeTax": -107674000,
    "incomeTaxExpense": -40546000,
    "netIncomeFromContinuingOperations": -67128000,
    "netIncomeFromDiscontinuedOperations": 0,
    "otherAdjustmentsToNetIncome": 0,
    "netIncome": -67128000,
    "netIncomeDeductions": 0,
    "bottomLineNetIncome": -67128000,
    "eps": -0.0835,
    "epsDiluted": -0.0835,
    "weightedAverageShsOut": 804256757,
    "weightedAverageShsOutDil": 804256757
  },
  {
    "date": "2003-09-30",
    "symbol": "MA",
    "reportedCurrency": "USD",
    "cik": "0001141391",
    "filingDate": "2003-11-07",
    "acceptedDate": "2003-11-07 15:56:06",
    "fiscalYear": "2003",
    "period": "Q3",
    "revenue": 594169000,
    "costOfRevenue": 0,
    "grossProfit": 594169000,
    "researchAndDevelopmentExpenses": 0,
    "generalAndAdministrativeExpenses": 255281000,
    "sellingAndMarketingExpenses": 183046000,
    "sellingGeneralAndAdministrativeExpenses": 438327000,
    "otherExpenses": 36942000,
    "operatingExpenses": 475269000,
    "costAndExpenses": 475269000,
    "netInterestIncome": 0,
    "interestIncome": 0,
    "interestExpense": 0,
    "depreciationAndAmortization": 28183000,
    "ebitda": 147083000,
    "ebit": 118900000,
    "nonOperatingIncomeExcludingInterest": 0,
    "operatingIncome": 118900000,
    "totalOtherIncomeExpensesNet": -7460000,
    "incomeBeforeTax": 111440000,
    "incomeTaxExpense": 37041000,
    "netIncomeFromContinuingOperations": 74399000,
    "netIncomeFromDiscontinuedOperations": 0,
    "otherAdjustmentsToNetIncome": -77000,
    "netIncome": 74399000,
    "netIncomeDeductions": 0,
    "bottomLineNetIncome": 74399000,
    "eps": 0.074,
    "epsDiluted": 0.074,
    "weightedAverageShsOut": 1005391907,
    "weightedAverageShsOutDil": 1005391907
  },
  {
    "date": "2003-06-30",
    "symbol": "MA",
    "reportedCurrency": "USD",
    "cik": "0001141391",
    "filingDate": "2003-08-08",
    "acceptedDate": "2003-08-08 11:17:54",
    "fiscalYear": "2003",
    "period": "Q2",
    "revenue": 556893000,
    "costOfRevenue": 0,
    "grossProfit": 556893000,
    "researchAndDevelopmentExpenses": 0,
    "generalAndAdministrativeExpenses": 280955000,
    "sellingAndMarketingExpenses": 195400000,
    "sellingGeneralAndAdministrativeExpenses": 476355000,
    "otherExpenses": 30593000,
    "operatingExpenses": 506948000,
    "costAndExpenses": 506948000,
    "netInterestIncome": 0,
    "interestIncome": 0,
    "interestExpense": 0,
    "depreciationAndAmortization": 30593000,
    "ebitda": 80538000,
    "ebit": 49945000,
    "nonOperatingIncomeExcludingInterest": 0,
    "operatingIncome": 49945000,
    "totalOtherIncomeExpensesNet": 37000,
    "incomeBeforeTax": 49982000,
    "incomeTaxExpense": 17655000,
    "netIncomeFromContinuingOperations": 32327000,
    "netIncomeFromDiscontinuedOperations": 0,
    "otherAdjustmentsToNetIncome": 0,
    "netIncome": 32327000,
    "netIncomeDeductions": 0,
    "bottomLineNetIncome": 32327000,
    "eps": 0.032,
    "epsDiluted": 0.032,
    "weightedAverageShsOut": 1010218765,
    "weightedAverageShsOutDil": 1010218765
  },
  {
    "date": "2003-03-31",
    "symbol": "MA",
    "reportedCurrency": "USD",
    "cik": "0001141391",
    "filingDate": "2003-05-14",
    "acceptedDate": "2003-05-14 16:28:03",
    "fiscalYear": "2003",
    "period": "Q1",
    "revenue": 512215000,
    "costOfRevenue": 0,
    "grossProfit": 512215000,
    "researchAndDevelopmentExpenses": 0,
    "generalAndAdministrativeExpenses": 276892000,
    "sellingAndMarketingExpenses": 152294000,
    "sellingGeneralAndAdministrativeExpenses": 429186000,
    "otherExpenses": 750789000,
    "operatingExpenses": 1179975000,
    "costAndExpenses": 1179975000,
    "netInterestIncome": 0,
    "interestIncome": 0,
    "interestExpense": 0,
    "depreciationAndAmortization": 29789000,
    "ebitda": -637971000,
    "ebit": -667760000,
    "nonOperatingIncomeExcludingInterest": 0,
    "operatingIncome": -667760000,
    "totalOtherIncomeExpensesNet": 2492000,
    "incomeBeforeTax": -665268000,
    "incomeTaxExpense": -234928000,
    "netIncomeFromContinuingOperations": -430340000,
    "netIncomeFromDiscontinuedOperations": 0,
    "otherAdjustmentsToNetIncome": 5008000,
    "netIncome": -425391000,
    "netIncomeDeductions": 0,
    "bottomLineNetIncome": -425391000,
    "eps": -0.42,
    "epsDiluted": -0.42,
    "weightedAverageShsOut": 1000920015,
    "weightedAverageShsOutDil": 1000920015
  },
  {
    "date": "2002-12-31",
    "symbol": "MA",
    "reportedCurrency": "USD",
    "cik": "0001141391",
    "filingDate": "2003-03-07",
    "acceptedDate": "2003-03-07 17:15:58",
    "fiscalYear": "2002",
    "period": "Q4",
    "revenue": 509235000,
    "costOfRevenue": 0,
    "grossProfit": 509235000,
    "researchAndDevelopmentExpenses": 0,
    "generalAndAdministrativeExpenses": 302170000,
    "sellingAndMarketingExpenses": 295103000,
    "sellingGeneralAndAdministrativeExpenses": 597273000,
    "otherExpenses": 27565000,
    "operatingExpenses": 624838000,
    "costAndExpenses": 624838000,
    "netInterestIncome": 0,
    "interestIncome": 0,
    "interestExpense": 0,
    "depreciationAndAmortization": 27565000,
    "ebitda": -88038000,
    "ebit": -115603000,
    "nonOperatingIncomeExcludingInterest": 0,
    "operatingIncome": -115603000,
    "totalOtherIncomeExpensesNet": 10532000,
    "incomeBeforeTax": -105071000,
    "incomeTaxExpense": -53585000,
    "netIncomeFromContinuingOperations": -51486000,
    "netIncomeFromDiscontinuedOperations": 0,
    "otherAdjustmentsToNetIncome": 0,
    "netIncome": -51486000,
    "netIncomeDeductions": 0,
    "bottomLineNetIncome": -51486000,
    "eps": -0.0514,
    "epsDiluted": -0.0514,
    "weightedAverageShsOut": 1000920000,
    "weightedAverageShsOutDil": 1000920000
  },
  {
    "date": "2002-09-30",
    "symbol": "MA",
    "reportedCurrency": "USD",
    "cik": "0001141391",
    "filingDate": "2002-11-14",
    "acceptedDate": "2002-11-14 16:50:26",
    "fiscalYear": "2002",
    "period": "Q3",
    "revenue": 539435000,
    "costOfRevenue": 0,
    "grossProfit": 539435000,
    "researchAndDevelopmentExpenses": 0,
    "generalAndAdministrativeExpenses": 248068000,
    "sellingAndMarketingExpenses": 137247000,
    "sellingGeneralAndAdministrativeExpenses": 385315000,
    "otherExpenses": 27593000,
    "operatingExpenses": 412908000,
    "costAndExpenses": 412908000,
    "netInterestIncome": 0,
    "interestIncome": 0,
    "interestExpense": 0,
    "depreciationAndAmortization": 27593000,
    "ebitda": 154120000,
    "ebit": 126527000,
    "nonOperatingIncomeExcludingInterest": 0,
    "operatingIncome": 126527000,
    "totalOtherIncomeExpensesNet": -3471000,
    "incomeBeforeTax": 123056000,
    "incomeTaxExpense": 45126000,
    "netIncomeFromContinuingOperations": 77930000,
    "netIncomeFromDiscontinuedOperations": 0,
    "otherAdjustmentsToNetIncome": 0,
    "netIncome": 77930000,
    "netIncomeDeductions": 0,
    "bottomLineNetIncome": 77930000,
    "eps": 0.078,
    "epsDiluted": 0.078,
    "weightedAverageShsOut": 999102579,
    "weightedAverageShsOutDil": 999102579
  },
  {
    "date": "2002-06-30",
    "symbol": "MA",
    "reportedCurrency": "USD",
    "cik": "0001141391",
    "filingDate": "2002-08-14",
    "acceptedDate": "2002-08-14 15:06:57",
    "fiscalYear": "2002",
    "period": "Q2",
    "revenue": 448757000,
    "costOfRevenue": 0,
    "grossProfit": 448757000,
    "researchAndDevelopmentExpenses": 0,
    "generalAndAdministrativeExpenses": 217888000,
    "sellingAndMarketingExpenses": 159191000,
    "sellingGeneralAndAdministrativeExpenses": 377079000,
    "otherExpenses": 18929000,
    "operatingExpenses": 396008000,
    "costAndExpenses": 396008000,
    "netInterestIncome": 0,
    "interestIncome": 0,
    "interestExpense": 0,
    "depreciationAndAmortization": 18929000,
    "ebitda": 71678000,
    "ebit": 52749000,
    "nonOperatingIncomeExcludingInterest": 0,
    "operatingIncome": 52749000,
    "totalOtherIncomeExpensesNet": 3563000,
    "incomeBeforeTax": 56312000,
    "incomeTaxExpense": 19923000,
    "netIncomeFromContinuingOperations": 36401000,
    "netIncomeFromDiscontinuedOperations": 0,
    "otherAdjustmentsToNetIncome": 0,
    "netIncome": 36389000,
    "netIncomeDeductions": 0,
    "bottomLineNetIncome": 36389000,
    "eps": 0.05,
    "epsDiluted": 0.05,
    "weightedAverageShsOut": 727780011,
    "weightedAverageShsOutDil": 727780011
  }
]