[
  {
    "date": "2025-12-31",
    "symbol": "JPM",
    "reportedCurrency": "USD",
    "cik": "0000019617",
    "filingDate": "2026-01-13",
    "acceptedDate": "2026-01-13 10:09:19",
    "fiscalYear": "2025",
    "period": "Q4",
    "revenue": 69611000000,
    "costOfRevenue": 28468000000,
    "grossProfit": 41143000000,
    "researchAndDevelopmentExpenses": 0,
    "generalAndAdministrativeExpenses": 13118000000,
    "sellingAndMarketingExpenses": 1468000000,
    "sellingGeneralAndAdministrativeExpenses": 14586000000,
    "otherExpenses": 9397000000,
    "operatingExpenses": 23983000000,
    "costAndExpenses": 52451000000,
    "netInterestIncome": 24995000000,
    "interestIncome": 48808000000,
    "interestExpense": 23813000000,
    "depreciationAndAmortization": 0,
    "ebitda": 17160000000,
    "ebit": 17160000000,
    "nonOperatingIncomeExcludingInterest": 0,
    "operatingIncome": 17160000000,
    "totalOtherIncomeExpensesNet": 0,
    "incomeBeforeTax": 17160000000,
    "incomeTaxExpense": 4135000000,
    "netIncomeFromContinuingOperations": 13025000000,
    "netIncomeFromDiscontinuedOperations": 0,
    "otherAdjustmentsToNetIncome": 0,
    "netIncome": 13025000000,
    "netIncomeDeductions": 0,
    "bottomLineNetIncome": 13025000000,
    "eps": 4.67,
    "epsDiluted": 4.67,
    "weightedAverageShsOut": 2788700000,
    "weightedAverageShsOutDil": 2793700000
  },
  {
    "date": "2025-09-30",
    "symbol": "JPM",
    "reportedCurrency": "USD",
    "cik": "0000019617",
    "filingDate": "2025-11-04",
    "acceptedDate": "2025-11-04 16:18:08",
    "fiscalYear": "2025",
    "period": "Q3",
    "revenue": 71903000000,
    "costOfRevenue": 28879000000,
    "grossProfit": 43024000000,
    "researchAndDevelopmentExpenses": 0,
    "generalAndAdministrativeExpenses": 13566000000,
    "sellingAndMarketingExpenses": 1480000000,
    "sellingGeneralAndAdministrativeExpenses": 15046000000,
    "otherExpenses": 9235000000,
    "operatingExpenses": 24281000000,
    "costAndExpenses": 53160000000,
    "netInterestIncome": 23966000000,
    "interestIncome": 49439000000,
    "interestExpense": 25473000000,
    "depreciationAndAmortization": 2269000000,
    "ebitda": 21012000000,
    "ebit": 18743000000,
    "nonOperatingIncomeExcludingInterest": 0,
    "operatingIncome": 18743000000,
    "totalOtherIncomeExpensesNet": 0,
    "incomeBeforeTax": 18743000000,
    "incomeTaxExpense": 4350000000,
    "netIncomeFromContinuingOperations": 14393000000,
    "netIncomeFromDiscontinuedOperations": 0,
    "otherAdjustmentsToNetIncome": 0,
    "netIncome": 14393000000,
    "netIncomeDeductions": 0,
    "bottomLineNetIncome": 14043000000,
    "eps": 5.09,
    "epsDiluted": 5.07,
    "weightedAverageShsOut": 2788700000,
    "weightedAverageShsOutDil": 2793700000
  },
  {
    "date": "2025-06-30",
    "symbol": "JPM",
    "reportedCurrency": "USD",
    "cik": "0000019617",
    "filingDate": "2025-08-05",
    "acceptedDate": "2025-08-05 16:18:22",
    "fiscalYear": "2025",
    "period": "Q2",
    "revenue": 69914000000,
    "costOfRevenue": 27891000000,
    "grossProfit": 42023000000,
    "researchAndDevelopmentExpenses": 0,
    "generalAndAdministrativeExpenses": 13710000000,
    "sellingAndMarketingExpenses": 1279000000,
    "sellingGeneralAndAdministrativeExpenses": 14989000000,
    "otherExpenses": 8750000000,
    "operatingExpenses": 23739000000,
    "costAndExpenses": 51630000000,
    "netInterestIncome": 23209000000,
    "interestIncome": 48241000000,
    "interestExpense": 25032000000,
    "depreciationAndAmortization": 2210000000,
    "ebitda": 20494000000,
    "ebit": 18284000000,
    "nonOperatingIncomeExcludingInterest": 0,
    "operatingIncome": 18284000000,
    "totalOtherIncomeExpensesNet": 0,
    "incomeBeforeTax": 18284000000,
    "incomeTaxExpense": 3297000000,
    "netIncomeFromContinuingOperations": 14987000000,
    "netIncomeFromDiscontinuedOperations": 0,
    "otherAdjustmentsToNetIncome": 0,
    "netIncome": 14987000000,
    "netIncomeDeductions": 0,
    "bottomLineNetIncome": 14630000000,
    "eps": 5.25,
    "epsDiluted": 5.24,
    "weightedAverageShsOut": 2788700000,
    "weightedAverageShsOutDil": 2793700000
  },
  {
    "date": "2025-03-31",
    "symbol": "JPM",
    "reportedCurrency": "USD",
    "cik": "0000019617",
    "filingDate": "2025-05-01",
    "acceptedDate": "2025-05-01 16:16:56",
    "fiscalYear": "2025",
    "period": "Q1",
    "revenue": 68907000000,
    "costOfRevenue": 26902000000,
    "grossProfit": 42005000000,
    "researchAndDevelopmentExpenses": 0,
    "generalAndAdministrativeExpenses": 14427000000,
    "sellingAndMarketingExpenses": 1304000000,
    "sellingGeneralAndAdministrativeExpenses": 15731000000,
    "otherExpenses": 7866000000,
    "operatingExpenses": 23597000000,
    "costAndExpenses": 50499000000,
    "netInterestIncome": 23273000000,
    "interestIncome": 46853000000,
    "interestExpense": 23580000000,
    "depreciationAndAmortization": 2030000000,
    "ebitda": 20438000000,
    "ebit": 18408000000,
    "nonOperatingIncomeExcludingInterest": 0,
    "operatingIncome": 18408000000,
    "totalOtherIncomeExpensesNet": 0,
    "incomeBeforeTax": 18408000000,
    "incomeTaxExpense": 3765000000,
    "netIncomeFromContinuingOperations": 14643000000,
    "netIncomeFromDiscontinuedOperations": 0,
    "otherAdjustmentsToNetIncome": 0,
    "netIncome": 14643000000,
    "netIncomeDeductions": 0,
    "bottomLineNetIncome": 14317000000,
    "eps": 5.08,
    "epsDiluted": 5.07,
    "weightedAverageShsOut": 2819400000,
    "weightedAverageShsOutDil": 2824300000
  },
  {
    "date": "2024-12-31",
    "symbol": "JPM",
    "reportedCurrency": "USD",
    "cik": "0000019617",
    "filingDate": "2025-02-14",
    "acceptedDate": "2025-02-14 16:17:07",
    "fiscalYear": "2024",
    "period": "Q4",
    "revenue": 67007000000,
    "costOfRevenue": 26870000000,
    "grossProfit": 40137000000,
    "researchAndDevelopmentExpenses": 0,
    "generalAndAdministrativeExpenses": 12469000000,
    "sellingAndMarketingExpenses": 1335000000,
    "sellingGeneralAndAdministrativeExpenses": 13804000000,
    "otherExpenses": 8958000000,
    "operatingExpenses": 22762000000,
    "costAndExpenses": 49632000000,
    "netInterestIncome": 23350000000,
    "interestIncome": 47566000000,
    "interestExpense": 24216000000,
    "depreciationAndAmortization": 1965000000,
    "ebitda": 19340000000,
    "ebit": 17375000000,
    "nonOperatingIncomeExcludingInterest": 0,
    "operatingIncome": 17375000000,
    "totalOtherIncomeExpensesNet": 0,
    "incomeBeforeTax": 17375000000,
    "incomeTaxExpense": 3370000000,
    "netIncomeFromContinuingOperations": 14005000000,
    "netIncomeFromDiscontinuedOperations": 0,
    "otherAdjustmentsToNetIncome": 0,
    "netIncome": 14005000000,
    "netIncomeDeductions": 0,
    "bottomLineNetIncome": 13669000000,
    "eps": 4.82,
    "epsDiluted": 4.81,
    "weightedAverageShsOut": 2836900000,
    "weightedAverageShsOutDil": 2842400000
  },
  {
    "date": "2024-09-30",
    "symbol": "JPM",
    "reportedCurrency": "USD",
    "cik": "0000019617",
    "filingDate": "2024-10-30",
    "acceptedDate": "2024-10-30 16:18:49",
    "fiscalYear": "2024",
    "period": "Q3",
    "revenue": 69667000000,
    "costOfRevenue": 30124000000,
    "grossProfit": 39543000000,
    "researchAndDevelopmentExpenses": 0,
    "generalAndAdministrativeExpenses": 12817000000,
    "sellingAndMarketingExpenses": 1258000000,
    "sellingGeneralAndAdministrativeExpenses": 14075000000,
    "otherExpenses": 8490000000,
    "operatingExpenses": 22565000000,
    "costAndExpenses": 52689000000,
    "netInterestIncome": 23405000000,
    "interestIncome": 50416000000,
    "interestExpense": 27011000000,
    "depreciationAndAmortization": 1967000000,
    "ebitda": 18945000000,
    "ebit": 16978000000,
    "nonOperatingIncomeExcludingInterest": 0,
    "operatingIncome": 16978000000,
    "totalOtherIncomeExpensesNet": 0,
    "incomeBeforeTax": 16978000000,
    "incomeTaxExpense": 4080000000,
    "netIncomeFromContinuingOperations": 12898000000,
    "netIncomeFromDiscontinuedOperations": 0,
    "otherAdjustmentsToNetIncome": 0,
    "netIncome": 12898000000,
    "netIncomeDeductions": 0,
    "bottomLineNetIncome": 12537000000,
    "eps": 4.38,
    "epsDiluted": 4.37,
    "weightedAverageShsOut": 2860600000,
    "weightedAverageShsOutDil": 2865900000
  },
  {
    "date": "2024-06-30",
    "symbol": "JPM",
    "reportedCurrency": "USD",
    "cik": "0000019617",
    "filingDate": "2024-08-02",
    "acceptedDate": "2024-08-02 16:18:48",
    "fiscalYear": "2024",
    "period": "Q2",
    "revenue": 67835000000,
    "costOfRevenue": 28796000000,
    "grossProfit": 39039000000,
    "researchAndDevelopmentExpenses": 0,
    "generalAndAdministrativeExpenses": 12953000000,
    "sellingAndMarketingExpenses": 1221000000,
    "sellingGeneralAndAdministrativeExpenses": 14174000000,
    "otherExpenses": 1430000000,
    "operatingExpenses": 15604000000,
    "costAndExpenses": 44400000000,
    "netInterestIncome": 22746000000,
    "interestIncome": 48513000000,
    "interestExpense": 25767000000,
    "depreciationAndAmortization": 2002000000,
    "ebitda": 25437000000,
    "ebit": 23435000000,
    "nonOperatingIncomeExcludingInterest": 0,
    "operatingIncome": 23435000000,
    "totalOtherIncomeExpensesNet": 0,
    "incomeBeforeTax": 23435000000,
    "incomeTaxExpense": 5286000000,
    "netIncomeFromContinuingOperations": 18149000000,
    "netIncomeFromDiscontinuedOperations": 0,
    "otherAdjustmentsToNetIncome": 0,
    "netIncome": 18149000000,
    "netIncomeDeductions": 0,
    "bottomLineNetIncome": 17718000000,
    "eps": 6.13,
    "epsDiluted": 6.12,
    "weightedAverageShsOut": 2889800000,
    "weightedAverageShsOutDil": 2894900000
  },
  {
    "date": "2024-03-31",
    "symbol": "JPM",
    "reportedCurrency": "USD",
    "cik": "0000019617",
    "filingDate": "2024-05-01",
    "acceptedDate": "2024-05-01 16:18:10",
    "fiscalYear": "2024",
    "period": "Q1",
    "revenue": 66264000000,
    "costOfRevenue": 26214000000,
    "grossProfit": 40050000000,
    "researchAndDevelopmentExpenses": 0,
    "generalAndAdministrativeExpenses": 13366000000,
    "sellingAndMarketingExpenses": 1160000000,
    "sellingGeneralAndAdministrativeExpenses": 14526000000,
    "otherExpenses": 8231000000,
    "operatingExpenses": 22757000000,
    "costAndExpenses": 48971000000,
    "netInterestIncome": 23082000000,
    "interestIncome": 47438000000,
    "interestExpense": 24356000000,
    "depreciationAndAmortization": 2004000000,
    "ebitda": 19297000000,
    "ebit": 17293000000,
    "nonOperatingIncomeExcludingInterest": 0,
    "operatingIncome": 17293000000,
    "totalOtherIncomeExpensesNet": 0,
    "incomeBeforeTax": 17293000000,
    "incomeTaxExpense": 3874000000,
    "netIncomeFromContinuingOperations": 13419000000,
    "netIncomeFromDiscontinuedOperations": 0,
    "otherAdjustmentsToNetIncome": 0,
    "netIncome": 13419000000,
    "netIncomeDeductions": 0,
    "bottomLineNetIncome": 12942000000,
    "eps": 4.45,
    "epsDiluted": 4.44,
    "weightedAverageShsOut": 2908300000,
    "weightedAverageShsOutDil": 2912800000
  },
  {
    "date": "2023-12-31",
    "symbol": "JPM",
    "reportedCurrency": "USD",
    "cik": "0000019617",
    "filingDate": "2024-02-16",
    "acceptedDate": "2024-02-16 16:20:22",
    "fiscalYear": "2023",
    "period": "Q4",
    "revenue": 61933000000,
    "costOfRevenue": 26084000000,
    "grossProfit": 35849000000,
    "researchAndDevelopmentExpenses": 0,
    "generalAndAdministrativeExpenses": 11847000000,
    "sellingAndMarketingExpenses": 1298000000,
    "sellingGeneralAndAdministrativeExpenses": 13145000000,
    "otherExpenses": 11378000000,
    "operatingExpenses": 24523000000,
    "costAndExpenses": 50607000000,
    "netInterestIncome": 24051000000,
    "interestIncome": 47384000000,
    "interestExpense": 23333000000,
    "depreciationAndAmortization": 3337000000,
    "ebitda": 14663000000,
    "ebit": 11326000000,
    "nonOperatingIncomeExcludingInterest": 0,
    "operatingIncome": 11326000000,
    "totalOtherIncomeExpensesNet": 0,
    "incomeBeforeTax": 11326000000,
    "incomeTaxExpense": 2019000000,
    "netIncomeFromContinuingOperations": 9307000000,
    "netIncomeFromDiscontinuedOperations": 0,
    "otherAdjustmentsToNetIncome": 0,
    "netIncome": 9307000000,
    "netIncomeDeductions": 0,
    "bottomLineNetIncome": 8871000000,
    "eps": 3.04,
    "epsDiluted": 3.04,
    "weightedAverageShsOut": 2914400000,
    "weightedAverageShsOutDil": 2919100000
  },
  {
    "date": "2023-09-30",
    "symbol": "JPM",
    "reportedCurrency": "USD",
    "cik": "0000019617",
    "filingDate": "2023-11-01",
    "acceptedDate": "2023-11-01 16:29:55",
    "fiscalYear": "2023",
    "period": "Q3",
    "revenue": 61591000000,
    "costOfRevenue": 23201000000,
    "grossProfit": 38390000000,
    "researchAndDevelopmentExpenses": 0,
    "generalAndAdministrativeExpenses": 11726000000,
    "sellingAndMarketingExpenses": 1126000000,
    "sellingGeneralAndAdministrativeExpenses": 12852000000,
    "otherExpenses": 8805000000,
    "operatingExpenses": 21657000000,
    "costAndExpenses": 44858000000,
    "netInterestIncome": 22726000000,
    "interestIncome": 44556000000,
    "interestExpense": 21830000000,
    "depreciationAndAmortization": 2019000000,
    "ebitda": 18752000000,
    "ebit": 16733000000,
    "nonOperatingIncomeExcludingInterest": 0,
    "operatingIncome": 16733000000,
    "totalOtherIncomeExpensesNet": 0,
    "incomeBeforeTax": 16733000000,
    "incomeTaxExpense": 3582000000,
    "netIncomeFromContinuingOperations": 13151000000,
    "netIncomeFromDiscontinuedOperations": 0,
    "otherAdjustmentsToNetIncome": 0,
    "netIncome": 13151000000,
    "netIncomeDeductions": 0,
    "bottomLineNetIncome": 12685000000,
    "eps": 4.33,
    "epsDiluted": 4.33,
    "weightedAverageShsOut": 2927500000,
    "weightedAverageShsOutDil": 2932100000
  },
  {
    "date": "2023-06-30",
    "symbol": "JPM",
    "reportedCurrency": "USD",
    "cik": "0000019617",
    "filingDate": "2023-08-03",
    "acceptedDate": "2023-08-03 16:41:34",
    "fiscalYear": "2023",
    "period": "Q2",
    "revenue": 58447000000,
    "costOfRevenue": 22751000000,
    "grossProfit": 35696000000,
    "researchAndDevelopmentExpenses": 0,
    "generalAndAdministrativeExpenses": 11216000000,
    "sellingAndMarketingExpenses": 1122000000,
    "sellingGeneralAndAdministrativeExpenses": 12338000000,
    "otherExpenses": 5772000000,
    "operatingExpenses": 18110000000,
    "costAndExpenses": 40861000000,
    "netInterestIncome": 21779000000,
    "interestIncome": 41644000000,
    "interestExpense": 19865000000,
    "depreciationAndAmortization": 507000000,
    "ebitda": 18093000000,
    "ebit": 17586000000,
    "nonOperatingIncomeExcludingInterest": 0,
    "operatingIncome": 17586000000,
    "totalOtherIncomeExpensesNet": 0,
    "incomeBeforeTax": 17586000000,
    "incomeTaxExpense": 3114000000,
    "netIncomeFromContinuingOperations": 14472000000,
    "netIncomeFromDiscontinuedOperations": 0,
    "otherAdjustmentsToNetIncome": 0,
    "netIncome": 14472000000,
    "netIncomeDeductions": 0,
    "bottomLineNetIncome": 14011000000,
    "eps": 4.76,
    "epsDiluted": 4.75,
    "weightedAverageShsOut": 2943800000,
    "weightedAverageShsOutDil": 2948300000
  },
  {
    "date": "2023-03-31",
    "symbol": "JPM",
    "reportedCurrency": "USD",
    "cik": "0000019617",
    "filingDate": "2023-05-03",
    "acceptedDate": "2023-05-03 16:10:19",
    "fiscalYear": "2023",
    "period": "Q1",
    "revenue": 54641000000,
    "costOfRevenue": 18567000000,
    "grossProfit": 36074000000,
    "researchAndDevelopmentExpenses": 0,
    "generalAndAdministrativeExpenses": 11993000000,
    "sellingAndMarketingExpenses": 1045000000,
    "sellingGeneralAndAdministrativeExpenses": 13038000000,
    "otherExpenses": 7069000000,
    "operatingExpenses": 20107000000,
    "costAndExpenses": 38674000000,
    "netInterestIncome": 20711000000,
    "interestIncome": 37004000000,
    "interestExpense": 16293000000,
    "depreciationAndAmortization": 1649000000,
    "ebitda": 17616000000,
    "ebit": 15967000000,
    "nonOperatingIncomeExcludingInterest": 0,
    "operatingIncome": 15967000000,
    "totalOtherIncomeExpensesNet": 0,
    "incomeBeforeTax": 15967000000,
    "incomeTaxExpense": 3345000000,
    "netIncomeFromContinuingOperations": 12622000000,
    "netIncomeFromDiscontinuedOperations": 0,
    "otherAdjustmentsToNetIncome": 0,
    "netIncome": 12622000000,
    "netIncomeDeductions": 0,
    "bottomLineNetIncome": 12193000000,
    "eps": 4.11,
    "epsDiluted": 4.1,
    "weightedAverageShsOut": 2968500000,
    "weightedAverageShsOutDil": 2972700000
  },
  {
    "date": "2022-12-31",
    "symbol": "JPM",
    "reportedCurrency": "USD",
    "cik": "0000019617",
    "filingDate": "2023-02-21",
    "acceptedDate": "2023-02-21 16:13:55",
    "fiscalYear": "2022",
    "period": "Q4",
    "revenue": 47374000000,
    "costOfRevenue": 15115000000,
    "grossProfit": 32259000000,
    "researchAndDevelopmentExpenses": 0,
    "generalAndAdministrativeExpenses": 10009000000,
    "sellingAndMarketingExpenses": 1093000000,
    "sellingGeneralAndAdministrativeExpenses": 11102000000,
    "otherExpenses": 7920000000,
    "operatingExpenses": 19022000000,
    "costAndExpenses": 34137000000,
    "netInterestIncome": 20192000000,
    "interestIncome": 33054000000,
    "interestExpense": 12862000000,
    "depreciationAndAmortization": 1671000000,
    "ebitda": 14908000000,
    "ebit": 13237000000,
    "nonOperatingIncomeExcludingInterest": 0,
    "operatingIncome": 13237000000,
    "totalOtherIncomeExpensesNet": 0,
    "incomeBeforeTax": 13237000000,
    "incomeTaxExpense": 2229000000,
    "netIncomeFromContinuingOperations": 11008000000,
    "netIncomeFromDiscontinuedOperations": 0,
    "otherAdjustmentsToNetIncome": 0,
    "netIncome": 11008000000,
    "netIncomeDeductions": 0,
    "bottomLineNetIncome": 10597000000,
    "eps": 3.58,
    "epsDiluted": 3.57,
    "weightedAverageShsOut": 2962900000,
    "weightedAverageShsOutDil": 2967100000
  },
  {
    "date": "2022-09-30",
    "symbol": "JPM",
    "reportedCurrency": "USD",
    "cik": "0000019617",
    "filingDate": "2022-11-03",
    "acceptedDate": "2022-11-03 16:13:37",
    "fiscalYear": "2022",
    "period": "Q3",
    "revenue": 40795000000,
    "costOfRevenue": 9616000000,
    "grossProfit": 31179000000,
    "researchAndDevelopmentExpenses": 0,
    "generalAndAdministrativeExpenses": 10539000000,
    "sellingAndMarketingExpenses": 1017000000,
    "sellingGeneralAndAdministrativeExpenses": 11556000000,
    "otherExpenses": 7622000000,
    "operatingExpenses": 19178000000,
    "costAndExpenses": 28794000000,
    "netInterestIncome": 17518000000,
    "interestIncome": 25611000000,
    "interestExpense": 8093000000,
    "depreciationAndAmortization": 1771000000,
    "ebitda": 13772000000,
    "ebit": 12001000000,
    "nonOperatingIncomeExcludingInterest": 0,
    "operatingIncome": 12001000000,
    "totalOtherIncomeExpensesNet": 0,
    "incomeBeforeTax": 12001000000,
    "incomeTaxExpense": 2264000000,
    "netIncomeFromContinuingOperations": 9737000000,
    "netIncomeFromDiscontinuedOperations": 0,
    "otherAdjustmentsToNetIncome": 0,
    "netIncome": 9737000000,
    "netIncomeDeductions": 0,
    "bottomLineNetIncome": 9255000000,
    "eps": 3.13,
    "epsDiluted": 3.12,
    "weightedAverageShsOut": 2961200000,
    "weightedAverageShsOutDil": 2965400000
  },
  {
    "date": "2022-06-30",
    "symbol": "JPM",
    "reportedCurrency": "USD",
    "cik": "0000019617",
    "filingDate": "2022-08-03",
    "acceptedDate": "2022-08-03 16:13:24",
    "fiscalYear": "2022",
    "period": "Q2",
    "revenue": 34227000000,
    "costOfRevenue": 4613000000,
    "grossProfit": 29614000000,
    "researchAndDevelopmentExpenses": 0,
    "generalAndAdministrativeExpenses": 10301000000,
    "sellingAndMarketingExpenses": 881000000,
    "sellingGeneralAndAdministrativeExpenses": 11182000000,
    "otherExpenses": 7567000000,
    "operatingExpenses": 18749000000,
    "costAndExpenses": 23362000000,
    "netInterestIncome": 15128000000,
    "interestIncome": 18646000000,
    "interestExpense": 3518000000,
    "depreciationAndAmortization": 1789000000,
    "ebitda": 12654000000,
    "ebit": 10865000000,
    "nonOperatingIncomeExcludingInterest": 0,
    "operatingIncome": 10865000000,
    "totalOtherIncomeExpensesNet": 0,
    "incomeBeforeTax": 10865000000,
    "incomeTaxExpense": 2216000000,
    "netIncomeFromContinuingOperations": 8649000000,
    "netIncomeFromDiscontinuedOperations": 0,
    "otherAdjustmentsToNetIncome": 0,
    "netIncome": 8649000000,
    "netIncomeDeductions": 0,
    "bottomLineNetIncome": 8195000000,
    "eps": 2.77,
    "epsDiluted": 2.76,
    "weightedAverageShsOut": 2962200000,
    "weightedAverageShsOutDil": 2966300000
  },
  {
    "date": "2022-03-31",
    "symbol": "JPM",
    "reportedCurrency": "USD",
    "cik": "0000019617",
    "filingDate": "2022-05-03",
    "acceptedDate": "2022-05-03 16:13:30",
    "fiscalYear": "2022",
    "period": "Q1",
    "revenue": 32342000000,
    "costOfRevenue": 3088000000,
    "grossProfit": 29254000000,
    "researchAndDevelopmentExpenses": 0,
    "generalAndAdministrativeExpenses": 10787000000,
    "sellingAndMarketingExpenses": 920000000,
    "sellingGeneralAndAdministrativeExpenses": 11707000000,
    "otherExpenses": 7484000000,
    "operatingExpenses": 19191000000,
    "costAndExpenses": 22279000000,
    "netInterestIncome": 13872000000,
    "interestIncome": 15496000000,
    "interestExpense": 1624000000,
    "depreciationAndAmortization": 1820000000,
    "ebitda": 11883000000,
    "ebit": 10063000000,
    "nonOperatingIncomeExcludingInterest": 0,
    "operatingIncome": 10063000000,
    "totalOtherIncomeExpensesNet": 0,
    "incomeBeforeTax": 10063000000,
    "incomeTaxExpense": 1781000000,
    "netIncomeFromContinuingOperations": 8282000000,
    "netIncomeFromDiscontinuedOperations": 0,
    "otherAdjustmentsToNetIncome": 0,
    "netIncome": 8282000000,
    "netIncomeDeductions": 0,
    "bottomLineNetIncome": 7845000000,
    "eps": 2.64,
    "epsDiluted": 2.63,
    "weightedAverageShsOut": 2977000000,
    "weightedAverageShsOutDil": 2981000000
  },
  {
    "date": "2021-12-31",
    "symbol": "JPM",
    "reportedCurrency": "USD",
    "cik": "0000019617",
    "filingDate": "2022-02-22",
    "acceptedDate": "2022-02-22 16:56:31",
    "fiscalYear": "2021",
    "period": "Q4",
    "revenue": 30706000000,
    "costOfRevenue": 161000000,
    "grossProfit": 30545000000,
    "researchAndDevelopmentExpenses": 0,
    "generalAndAdministrativeExpenses": 9065000000,
    "sellingAndMarketingExpenses": 947000000,
    "sellingGeneralAndAdministrativeExpenses": 10012000000,
    "otherExpenses": 7876000000,
    "operatingExpenses": 17888000000,
    "costAndExpenses": 18049000000,
    "netInterestIncome": 13601000000,
    "interestIncome": 15019000000,
    "interestExpense": 1418000000,
    "depreciationAndAmortization": 1931000000,
    "ebitda": 14588000000,
    "ebit": 12657000000,
    "nonOperatingIncomeExcludingInterest": 0,
    "operatingIncome": 12657000000,
    "totalOtherIncomeExpensesNet": 0,
    "incomeBeforeTax": 12657000000,
    "incomeTaxExpense": 2258000000,
    "netIncomeFromContinuingOperations": 10399000000,
    "netIncomeFromDiscontinuedOperations": 0,
    "otherAdjustmentsToNetIncome": 0,
    "netIncome": 10399000000,
    "netIncomeDeductions": 0,
    "bottomLineNetIncome": 9927000000,
    "eps": 3.33,
    "epsDiluted": 3.33,
    "weightedAverageShsOut": 2981698000,
    "weightedAverageShsOutDil": 2981800000
  },
  {
    "date": "2021-09-30",
    "symbol": "JPM",
    "reportedCurrency": "USD",
    "cik": "0000019617",
    "filingDate": "2021-11-02",
    "acceptedDate": "2021-11-02 16:10:39",
    "fiscalYear": "2021",
    "period": "Q3",
    "revenue": 31061000000,
    "costOfRevenue": -113000000,
    "grossProfit": 31174000000,
    "researchAndDevelopmentExpenses": 0,
    "generalAndAdministrativeExpenses": 9087000000,
    "sellingAndMarketingExpenses": 712000000,
    "sellingGeneralAndAdministrativeExpenses": 9799000000,
    "otherExpenses": 7264000000,
    "operatingExpenses": 17063000000,
    "costAndExpenses": 16950000000,
    "netInterestIncome": 13080000000,
    "interestIncome": 14480000000,
    "interestExpense": 1400000000,
    "depreciationAndAmortization": 1928000000,
    "ebitda": 16039000000,
    "ebit": 14111000000,
    "nonOperatingIncomeExcludingInterest": 0,
    "operatingIncome": 14111000000,
    "totalOtherIncomeExpensesNet": 0,
    "incomeBeforeTax": 14111000000,
    "incomeTaxExpense": 2424000000,
    "netIncomeFromContinuingOperations": 11687000000,
    "netIncomeFromDiscontinuedOperations": 0,
    "otherAdjustmentsToNetIncome": 0,
    "netIncome": 11687000000,
    "netIncomeDeductions": 0,
    "bottomLineNetIncome": 11229000000,
    "eps": 3.74,
    "epsDiluted": 3.74,
    "weightedAverageShsOut": 3002406000,
    "weightedAverageShsOutDil": 3005100000
  },
  {
    "date": "2021-06-30",
    "symbol": "JPM",
    "reportedCurrency": "USD",
    "cik": "0000019617",
    "filingDate": "2021-08-02",
    "acceptedDate": "2021-08-02 16:12:31",
    "fiscalYear": "2021",
    "period": "Q2",
    "revenue": 31839000000,
    "costOfRevenue": -925000000,
    "grossProfit": 32764000000,
    "researchAndDevelopmentExpenses": 0,
    "generalAndAdministrativeExpenses": 9814000000,
    "sellingAndMarketingExpenses": 626000000,
    "sellingGeneralAndAdministrativeExpenses": 10440000000,
    "otherExpenses": 7227000000,
    "operatingExpenses": 17667000000,
    "costAndExpenses": 16742000000,
    "netInterestIncome": 12741000000,
    "interestIncome": 14094000000,
    "interestExpense": 1353000000,
    "depreciationAndAmortization": 2003000000,
    "ebitda": 17100000000,
    "ebit": 15097000000,
    "nonOperatingIncomeExcludingInterest": 0,
    "operatingIncome": 15097000000,
    "totalOtherIncomeExpensesNet": 0,
    "incomeBeforeTax": 15097000000,
    "incomeTaxExpense": 3149000000,
    "netIncomeFromContinuingOperations": 11948000000,
    "netIncomeFromDiscontinuedOperations": 0,
    "otherAdjustmentsToNetIncome": 0,
    "netIncome": 11948000000,
    "netIncomeDeductions": 0,
    "bottomLineNetIncome": 11496000000,
    "eps": 3.79,
    "epsDiluted": 3.78,
    "weightedAverageShsOut": 3041270000,
    "weightedAverageShsOutDil": 3041900000
  },
  {
    "date": "2021-03-31",
    "symbol": "JPM",
    "reportedCurrency": "USD",
    "cik": "0000019617",
    "filingDate": "2021-05-04",
    "acceptedDate": "2021-05-04 16:17:30",
    "fiscalYear": "2021",
    "period": "Q1",
    "revenue": 33632000000,
    "costOfRevenue": -2790000000,
    "grossProfit": 36422000000,
    "researchAndDevelopmentExpenses": 0,
    "generalAndAdministrativeExpenses": 10601000000,
    "sellingAndMarketingExpenses": 751000000,
    "sellingGeneralAndAdministrativeExpenses": 11352000000,
    "otherExpenses": 7373000000,
    "operatingExpenses": 18725000000,
    "costAndExpenses": 15935000000,
    "netInterestIncome": 12889000000,
    "interestIncome": 14271000000,
    "interestExpense": 1382000000,
    "depreciationAndAmortization": 2070000000,
    "ebitda": 19767000000,
    "ebit": 17697000000,
    "nonOperatingIncomeExcludingInterest": 0,
    "operatingIncome": 17697000000,
    "totalOtherIncomeExpensesNet": 0,
    "incomeBeforeTax": 17697000000,
    "incomeTaxExpense": 3397000000,
    "netIncomeFromContinuingOperations": 14300000000,
    "netIncomeFromDiscontinuedOperations": 0,
    "otherAdjustmentsToNetIncome": 0,
    "netIncome": 14300000000,
    "netIncomeDeductions": 0,
    "bottomLineNetIncome": 13851000000,
    "eps": 4.51,
    "epsDiluted": 4.5,
    "weightedAverageShsOut": 3078000000,
    "weightedAverageShsOutDil": 3078900000
  },
  {
    "date": "2020-12-31",
    "symbol": "JPM",
    "reportedCurrency": "USD",
    "cik": "0000019617",
    "filingDate": "2021-02-23",
    "acceptedDate": "2021-02-23 16:17:29",
    "fiscalYear": "2020",
    "period": "Q4",
    "revenue": 30558000000,
    "costOfRevenue": -555000000,
    "grossProfit": 31113000000,
    "researchAndDevelopmentExpenses": 0,
    "generalAndAdministrativeExpenses": 7954000000,
    "sellingAndMarketingExpenses": 725000000,
    "sellingGeneralAndAdministrativeExpenses": 8679000000,
    "otherExpenses": 7369000000,
    "operatingExpenses": 16048000000,
    "costAndExpenses": 15493000000,
    "netInterestIncome": 13258000000,
    "interestIncome": 14550000000,
    "interestExpense": 1292000000,
    "depreciationAndAmortization": 2127000000,
    "ebitda": 17192000000,
    "ebit": 15065000000,
    "nonOperatingIncomeExcludingInterest": 0,
    "operatingIncome": 15065000000,
    "totalOtherIncomeExpensesNet": 0,
    "incomeBeforeTax": 15065000000,
    "incomeTaxExpense": 2929000000,
    "netIncomeFromContinuingOperations": 12136000000,
    "netIncomeFromDiscontinuedOperations": 0,
    "otherAdjustmentsToNetIncome": 0,
    "netIncome": 12136000000,
    "netIncomeDeductions": 0,
    "bottomLineNetIncome": 11698000000,
    "eps": 3.8,
    "epsDiluted": 3.79,
    "weightedAverageShsOut": 3085100000,
    "weightedAverageShsOutDil": 3085184000
  },
  {
    "date": "2020-09-30",
    "symbol": "JPM",
    "reportedCurrency": "USD",
    "cik": "0000019617",
    "filingDate": "2020-11-02",
    "acceptedDate": "2020-11-02 16:23:19",
    "fiscalYear": "2020",
    "period": "Q3",
    "revenue": 30845000000,
    "costOfRevenue": 2201000000,
    "grossProfit": 28644000000,
    "researchAndDevelopmentExpenses": 0,
    "generalAndAdministrativeExpenses": 8630000000,
    "sellingAndMarketingExpenses": 470000000,
    "sellingGeneralAndAdministrativeExpenses": 9100000000,
    "otherExpenses": 7775000000,
    "operatingExpenses": 16875000000,
    "costAndExpenses": 19076000000,
    "netInterestIncome": 13013000000,
    "interestIncome": 14700000000,
    "interestExpense": 1687000000,
    "depreciationAndAmortization": 2141000000,
    "ebitda": 13910000000,
    "ebit": 11769000000,
    "nonOperatingIncomeExcludingInterest": 0,
    "operatingIncome": 11769000000,
    "totalOtherIncomeExpensesNet": 0,
    "incomeBeforeTax": 11769000000,
    "incomeTaxExpense": 2326000000,
    "netIncomeFromContinuingOperations": 9443000000,
    "netIncomeFromDiscontinuedOperations": 0,
    "otherAdjustmentsToNetIncome": 0,
    "netIncome": 9443000000,
    "netIncomeDeductions": 0,
    "bottomLineNetIncome": 9015000000,
    "eps": 2.93,
    "epsDiluted": 2.92,
    "weightedAverageShsOut": 3082800000,
    "weightedAverageShsOutDil": 3087329000
  },
  {
    "date": "2020-06-30",
    "symbol": "JPM",
    "reportedCurrency": "USD",
    "cik": "0000019617",
    "filingDate": "2020-08-03",
    "acceptedDate": "2020-08-03 16:13:32",
    "fiscalYear": "2020",
    "period": "Q2",
    "revenue": 35330000000,
    "costOfRevenue": 12728000000,
    "grossProfit": 22602000000,
    "researchAndDevelopmentExpenses": 0,
    "generalAndAdministrativeExpenses": 9509000000,
    "sellingAndMarketingExpenses": 481000000,
    "sellingGeneralAndAdministrativeExpenses": 9990000000,
    "otherExpenses": 6952000000,
    "operatingExpenses": 16942000000,
    "costAndExpenses": 29670000000,
    "netInterestIncome": 13853000000,
    "interestIncome": 16112000000,
    "interestExpense": 2259000000,
    "depreciationAndAmortization": 2149000000,
    "ebitda": 7809000000,
    "ebit": 5660000000,
    "nonOperatingIncomeExcludingInterest": 0,
    "operatingIncome": 5660000000,
    "totalOtherIncomeExpensesNet": 0,
    "incomeBeforeTax": 5660000000,
    "incomeTaxExpense": 973000000,
    "netIncomeFromContinuingOperations": 4687000000,
    "netIncomeFromDiscontinuedOperations": 0,
    "otherAdjustmentsToNetIncome": 0,
    "netIncome": 4687000000,
    "netIncomeDeductions": 0,
    "bottomLineNetIncome": 4265000000,
    "eps": 1.39,
    "epsDiluted": 1.38,
    "weightedAverageShsOut": 3081000000,
    "weightedAverageShsOutDil": 3090580000
  },
  {
    "date": "2020-03-31",
    "symbol": "JPM",
    "reportedCurrency": "USD",
    "cik": "0000019617",
    "filingDate": "2020-05-07",
    "acceptedDate": "2020-05-07 16:37:43",
    "fiscalYear": "2020",
    "period": "Q1",
    "revenue": 32999000000,
    "costOfRevenue": 12998000000,
    "grossProfit": 20001000000,
    "researchAndDevelopmentExpenses": 0,
    "generalAndAdministrativeExpenses": 8895000000,
    "sellingAndMarketingExpenses": 800000000,
    "sellingGeneralAndAdministrativeExpenses": 9695000000,
    "otherExpenses": 7096000000,
    "operatingExpenses": 16791000000,
    "costAndExpenses": 29789000000,
    "netInterestIncome": 14439000000,
    "interestIncome": 19161000000,
    "interestExpense": 4722000000,
    "depreciationAndAmortization": 2197000000,
    "ebitda": 5407000000,
    "ebit": 3210000000,
    "nonOperatingIncomeExcludingInterest": 0,
    "operatingIncome": 3210000000,
    "totalOtherIncomeExpensesNet": 0,
    "incomeBeforeTax": 3210000000,
    "incomeTaxExpense": 345000000,
    "netIncomeFromContinuingOperations": 2865000000,
    "netIncomeFromDiscontinuedOperations": 0,
    "otherAdjustmentsToNetIncome": 0,
    "netIncome": 2865000000,
    "netIncomeDeductions": 0,
    "bottomLineNetIncome": 2431000000,
    "eps": 0.79,
    "epsDiluted": 0.78,
    "weightedAverageShsOut": 3095900000,
    "weightedAverageShsOutDil": 3100600000
  },
  {
    "date": "2019-12-31",
    "symbol": "JPM",
    "reportedCurrency": "USD",
    "cik": "0000019617",
    "filingDate": "2020-02-25",
    "acceptedDate": "2020-02-25 16:31:02",
    "fiscalYear": "2019",
    "period": "Q4",
    "revenue": 34092000000,
    "costOfRevenue": 7188000000,
    "grossProfit": 26904000000,
    "researchAndDevelopmentExpenses": 0,
    "generalAndAdministrativeExpenses": 8088000000,
    "sellingAndMarketingExpenses": 893000000,
    "sellingGeneralAndAdministrativeExpenses": 8981000000,
    "otherExpenses": 7358000000,
    "operatingExpenses": 16339000000,
    "costAndExpenses": 23527000000,
    "netInterestIncome": 14166000000,
    "interestIncome": 19927000000,
    "interestExpense": 5761000000,
    "depreciationAndAmortization": 2139000000,
    "ebitda": 12704000000,
    "ebit": 10565000000,
    "nonOperatingIncomeExcludingInterest": 0,
    "operatingIncome": 10565000000,
    "totalOtherIncomeExpensesNet": 0,
    "incomeBeforeTax": 10565000000,
    "incomeTaxExpense": 2045000000,
    "netIncomeFromContinuingOperations": 8520000000,
    "netIncomeFromDiscontinuedOperations": 0,
    "otherAdjustmentsToNetIncome": 0,
    "netIncome": 8520000000,
    "netIncomeDeductions": 0,
    "bottomLineNetIncome": 8091000000,
    "eps": 2.58,
    "epsDiluted": 2.57,
    "weightedAverageShsOut": 3148500000,
    "weightedAverageShsOutDil": 3153884000
  },
  {
    "date": "2019-09-30",
    "symbol": "JPM",
    "reportedCurrency": "USD",
    "cik": "0000019617",
    "filingDate": "2019-11-04",
    "acceptedDate": "2019-11-04 16:24:10",
    "fiscalYear": "2019",
    "period": "Q3",
    "revenue": 36184000000,
    "costOfRevenue": 8407000000,
    "grossProfit": 27777000000,
    "researchAndDevelopmentExpenses": 0,
    "generalAndAdministrativeExpenses": 8583000000,
    "sellingAndMarketingExpenses": 895000000,
    "sellingGeneralAndAdministrativeExpenses": 9478000000,
    "otherExpenses": 6894000000,
    "operatingExpenses": 16372000000,
    "costAndExpenses": 24779000000,
    "netInterestIncome": 14228000000,
    "interestIncome": 21121000000,
    "interestExpense": 6893000000,
    "depreciationAndAmortization": 2145000000,
    "ebitda": 13550000000,
    "ebit": 11405000000,
    "nonOperatingIncomeExcludingInterest": 0,
    "operatingIncome": 11405000000,
    "totalOtherIncomeExpensesNet": 0,
    "incomeBeforeTax": 11405000000,
    "incomeTaxExpense": 2325000000,
    "netIncomeFromContinuingOperations": 9080000000,
    "netIncomeFromDiscontinuedOperations": 0,
    "otherAdjustmentsToNetIncome": 0,
    "netIncome": 9080000000,
    "netIncomeDeductions": 0,
    "bottomLineNetIncome": 8606000000,
    "eps": 2.69,
    "epsDiluted": 2.68,
    "weightedAverageShsOut": 3207200000,
    "weightedAverageShsOutDil": 3211194000
  },
  {
    "date": "2019-06-30",
    "symbol": "JPM",
    "reportedCurrency": "USD",
    "cik": "0000019617",
    "filingDate": "2019-08-06",
    "acceptedDate": "2019-08-05 18:19:56",
    "fiscalYear": "2019",
    "period": "Q2",
    "revenue": 35952000000,
    "costOfRevenue": 8354000000,
    "grossProfit": 27598000000,
    "researchAndDevelopmentExpenses": 0,
    "generalAndAdministrativeExpenses": 8547000000,
    "sellingAndMarketingExpenses": 777000000,
    "sellingGeneralAndAdministrativeExpenses": 9324000000,
    "otherExpenses": 6932000000,
    "operatingExpenses": 16256000000,
    "costAndExpenses": 24610000000,
    "netInterestIncome": 14398000000,
    "interestIncome": 21603000000,
    "interestExpense": 7205000000,
    "depreciationAndAmortization": 2046000000,
    "ebitda": 13388000000,
    "ebit": 11342000000,
    "nonOperatingIncomeExcludingInterest": 0,
    "operatingIncome": 11342000000,
    "totalOtherIncomeExpensesNet": 0,
    "incomeBeforeTax": 11342000000,
    "incomeTaxExpense": 1690000000,
    "netIncomeFromContinuingOperations": 9652000000,
    "netIncomeFromDiscontinuedOperations": 0,
    "otherAdjustmentsToNetIncome": 0,
    "netIncome": 9652000000,
    "netIncomeDeductions": 0,
    "bottomLineNetIncome": 9192000000,
    "eps": 2.83,
    "epsDiluted": 2.82,
    "weightedAverageShsOut": 3259574000,
    "weightedAverageShsOutDil": 3259700000
  },
  {
    "date": "2019-03-31",
    "symbol": "JPM",
    "reportedCurrency": "USD",
    "cik": "0000019617",
    "filingDate": "2019-05-02",
    "acceptedDate": "2019-05-02 16:35:55",
    "fiscalYear": "2019",
    "period": "Q1",
    "revenue": 36059000000,
    "costOfRevenue": 8431000000,
    "grossProfit": 27628000000,
    "researchAndDevelopmentExpenses": 0,
    "generalAndAdministrativeExpenses": 8937000000,
    "sellingAndMarketingExpenses": 879000000,
    "sellingGeneralAndAdministrativeExpenses": 9816000000,
    "otherExpenses": 6579000000,
    "operatingExpenses": 16395000000,
    "costAndExpenses": 24826000000,
    "netInterestIncome": 14453000000,
    "interestIncome": 21389000000,
    "interestExpense": 6936000000,
    "depreciationAndAmortization": 2038000000,
    "ebitda": 13271000000,
    "ebit": 11233000000,
    "nonOperatingIncomeExcludingInterest": 0,
    "operatingIncome": 11233000000,
    "totalOtherIncomeExpensesNet": 0,
    "incomeBeforeTax": 11233000000,
    "incomeTaxExpense": 2054000000,
    "netIncomeFromContinuingOperations": 9179000000,
    "netIncomeFromDiscontinuedOperations": 0,
    "otherAdjustmentsToNetIncome": 0,
    "netIncome": 9179000000,
    "netIncomeDeductions": 0,
    "bottomLineNetIncome": 8753000000,
    "eps": 2.65,
    "epsDiluted": 2.64,
    "weightedAverageShsOut": 3308100000,
    "weightedAverageShsOutDil": 3313878000
  },
  {
    "date": "2018-12-31",
    "symbol": "JPM",
    "reportedCurrency": "USD",
    "cik": "0000019617",
    "filingDate": "2019-02-26",
    "acceptedDate": "2019-02-26 16:57:25",
    "fiscalYear": "2018",
    "period": "Q4",
    "revenue": 32793000000,
    "costOfRevenue": 8232000000,
    "grossProfit": 24561000000,
    "researchAndDevelopmentExpenses": 0,
    "generalAndAdministrativeExpenses": 7809000000,
    "sellingAndMarketingExpenses": 894000000,
    "sellingGeneralAndAdministrativeExpenses": 8703000000,
    "otherExpenses": 7017000000,
    "operatingExpenses": 15720000000,
    "costAndExpenses": 23952000000,
    "netInterestIncome": 14354000000,
    "interestIncome": 21038000000,
    "interestExpense": 6684000000,
    "depreciationAndAmortization": 2075000000,
    "ebitda": 10916000000,
    "ebit": 8841000000,
    "nonOperatingIncomeExcludingInterest": 0,
    "operatingIncome": 8841000000,
    "totalOtherIncomeExpensesNet": 0,
    "incomeBeforeTax": 8841000000,
    "incomeTaxExpense": 1775000000,
    "netIncomeFromContinuingOperations": 7066000000,
    "netIncomeFromDiscontinuedOperations": 0,
    "otherAdjustmentsToNetIncome": 0,
    "netIncome": 7066000000,
    "netIncomeDeductions": 0,
    "bottomLineNetIncome": 6642000000,
    "eps": 1.99,
    "epsDiluted": 1.98,
    "weightedAverageShsOut": 3335801000,
    "weightedAverageShsOutDil": 3347300000
  },
  {
    "date": "2018-09-30",
    "symbol": "JPM",
    "reportedCurrency": "USD",
    "cik": "0000019617",
    "filingDate": "2018-10-31",
    "acceptedDate": "2018-10-31 16:35:41",
    "fiscalYear": "2018",
    "period": "Q3",
    "revenue": 32791000000,
    "costOfRevenue": 6479000000,
    "grossProfit": 26312000000,
    "researchAndDevelopmentExpenses": 0,
    "generalAndAdministrativeExpenses": 8108000000,
    "sellingAndMarketingExpenses": 798000000,
    "sellingGeneralAndAdministrativeExpenses": 8906000000,
    "otherExpenses": 6717000000,
    "operatingExpenses": 15623000000,
    "costAndExpenses": 22102000000,
    "netInterestIncome": 13908000000,
    "interestIncome": 19439000000,
    "interestExpense": 5531000000,
    "depreciationAndAmortization": 1992000000,
    "ebitda": 12681000000,
    "ebit": 10689000000,
    "nonOperatingIncomeExcludingInterest": 0,
    "operatingIncome": 10689000000,
    "totalOtherIncomeExpensesNet": 0,
    "incomeBeforeTax": 10689000000,
    "incomeTaxExpense": 2309000000,
    "netIncomeFromContinuingOperations": 8380000000,
    "netIncomeFromDiscontinuedOperations": 0,
    "otherAdjustmentsToNetIncome": 0,
    "netIncome": 8380000000,
    "netIncomeDeductions": 0,
    "bottomLineNetIncome": 7948000000,
    "eps": 2.35,
    "epsDiluted": 2.34,
    "weightedAverageShsOut": 3394300000,
    "weightedAverageShsOutDil": 3396581000
  },
  {
    "date": "2018-06-30",
    "symbol": "JPM",
    "reportedCurrency": "USD",
    "cik": "0000019617",
    "filingDate": "2018-08-01",
    "acceptedDate": "2018-08-01 16:49:36",
    "fiscalYear": "2018",
    "period": "Q2",
    "revenue": 32834000000,
    "costOfRevenue": 6291000000,
    "grossProfit": 26543000000,
    "researchAndDevelopmentExpenses": 0,
    "generalAndAdministrativeExpenses": 8338000000,
    "sellingAndMarketingExpenses": 798000000,
    "sellingGeneralAndAdministrativeExpenses": 9136000000,
    "otherExpenses": 6835000000,
    "operatingExpenses": 15971000000,
    "costAndExpenses": 22262000000,
    "netInterestIncome": 13485000000,
    "interestIncome": 18566000000,
    "interestExpense": 5081000000,
    "depreciationAndAmortization": 1927000000,
    "ebitda": 12499000000,
    "ebit": 10572000000,
    "nonOperatingIncomeExcludingInterest": 0,
    "operatingIncome": 10572000000,
    "totalOtherIncomeExpensesNet": 0,
    "incomeBeforeTax": 10572000000,
    "incomeTaxExpense": 2256000000,
    "netIncomeFromContinuingOperations": 8316000000,
    "netIncomeFromDiscontinuedOperations": 0,
    "otherAdjustmentsToNetIncome": 0,
    "netIncome": 8316000000,
    "netIncomeDeductions": 0,
    "bottomLineNetIncome": 7880000000,
    "eps": 2.31,
    "epsDiluted": 2.29,
    "weightedAverageShsOut": 3434700000,
    "weightedAverageShsOutDil": 3441048000
  },
  {
    "date": "2018-03-31",
    "symbol": "JPM",
    "reportedCurrency": "USD",
    "cik": "0000019617",
    "filingDate": "2018-05-02",
    "acceptedDate": "2018-05-02 16:20:20",
    "fiscalYear": "2018",
    "period": "Q1",
    "revenue": 32290000000,
    "costOfRevenue": 5548000000,
    "grossProfit": 26742000000,
    "researchAndDevelopmentExpenses": 0,
    "generalAndAdministrativeExpenses": 8862000000,
    "sellingAndMarketingExpenses": 800000000,
    "sellingGeneralAndAdministrativeExpenses": 9662000000,
    "otherExpenses": 6418000000,
    "operatingExpenses": 16080000000,
    "costAndExpenses": 21628000000,
    "netInterestIncome": 13312000000,
    "interestIncome": 17695000000,
    "interestExpense": 4383000000,
    "depreciationAndAmortization": 1797000000,
    "ebitda": 12459000000,
    "ebit": 10662000000,
    "nonOperatingIncomeExcludingInterest": 0,
    "operatingIncome": 10662000000,
    "totalOtherIncomeExpensesNet": 0,
    "incomeBeforeTax": 10662000000,
    "incomeTaxExpense": 1950000000,
    "netIncomeFromContinuingOperations": 8712000000,
    "netIncomeFromDiscontinuedOperations": 0,
    "otherAdjustmentsToNetIncome": 0,
    "netIncome": 8712000000,
    "netIncomeDeductions": 0,
    "bottomLineNetIncome": 8238000000,
    "eps": 2.38,
    "epsDiluted": 2.37,
    "weightedAverageShsOut": 3475949000,
    "weightedAverageShsOutDil": 3479500000
  },
  {
    "date": "2017-12-31",
    "symbol": "JPM",
    "reportedCurrency": "USD",
    "cik": "0000019617",
    "filingDate": "2018-02-27",
    "acceptedDate": "2018-02-27 16:23:03",
    "fiscalYear": "2017",
    "period": "Q4",
    "revenue": 28119000000,
    "costOfRevenue": 5274000000,
    "grossProfit": 22845000000,
    "researchAndDevelopmentExpenses": 0,
    "generalAndAdministrativeExpenses": 7456000000,
    "sellingAndMarketingExpenses": 721000000,
    "sellingGeneralAndAdministrativeExpenses": 8177000000,
    "otherExpenses": 6414000000,
    "operatingExpenses": 14591000000,
    "costAndExpenses": 19865000000,
    "netInterestIncome": 13027000000,
    "interestIncome": 16993000000,
    "interestExpense": 3966000000,
    "depreciationAndAmortization": 1632000000,
    "ebitda": 9886000000,
    "ebit": 8254000000,
    "nonOperatingIncomeExcludingInterest": 0,
    "operatingIncome": 8254000000,
    "totalOtherIncomeExpensesNet": 0,
    "incomeBeforeTax": 8254000000,
    "incomeTaxExpense": 4022000000,
    "netIncomeFromContinuingOperations": 4232000000,
    "netIncomeFromDiscontinuedOperations": 0,
    "otherAdjustmentsToNetIncome": 0,
    "netIncome": 4232000000,
    "netIncomeDeductions": 0,
    "bottomLineNetIncome": 3781000000,
    "eps": 1.08,
    "epsDiluted": 1.08,
    "weightedAverageShsOut": 3500842000,
    "weightedAverageShsOutDil": 3512200000
  },
  {
    "date": "2017-09-30",
    "symbol": "JPM",
    "reportedCurrency": "USD",
    "cik": "0000019617",
    "filingDate": "2017-11-01",
    "acceptedDate": "2017-11-01 16:36:54",
    "fiscalYear": "2017",
    "period": "Q3",
    "revenue": 29467000000,
    "costOfRevenue": 5341000000,
    "grossProfit": 24126000000,
    "researchAndDevelopmentExpenses": 0,
    "generalAndAdministrativeExpenses": 7697000000,
    "sellingAndMarketingExpenses": 710000000,
    "sellingGeneralAndAdministrativeExpenses": 8407000000,
    "otherExpenses": 6163000000,
    "operatingExpenses": 14570000000,
    "costAndExpenses": 19911000000,
    "netInterestIncome": 12798000000,
    "interestIncome": 16687000000,
    "interestExpense": 3889000000,
    "depreciationAndAmortization": 1579000000,
    "ebitda": 11135000000,
    "ebit": 9556000000,
    "nonOperatingIncomeExcludingInterest": 0,
    "operatingIncome": 9556000000,
    "totalOtherIncomeExpensesNet": 0,
    "incomeBeforeTax": 9556000000,
    "incomeTaxExpense": 2824000000,
    "netIncomeFromContinuingOperations": 6732000000,
    "netIncomeFromDiscontinuedOperations": 0,
    "otherAdjustmentsToNetIncome": 0,
    "netIncome": 6732000000,
    "netIncomeDeductions": 0,
    "bottomLineNetIncome": 6262000000,
    "eps": 1.77,
    "epsDiluted": 1.76,
    "weightedAverageShsOut": 3557955000,
    "weightedAverageShsOutDil": 3559600000
  },
  {
    "date": "2017-06-30",
    "symbol": "JPM",
    "reportedCurrency": "USD",
    "cik": "0000019617",
    "filingDate": "2017-08-02",
    "acceptedDate": "2017-08-02 16:22:16",
    "fiscalYear": "2017",
    "period": "Q2",
    "revenue": 28528000000,
    "costOfRevenue": 4657000000,
    "grossProfit": 23871000000,
    "researchAndDevelopmentExpenses": 0,
    "generalAndAdministrativeExpenses": 7757000000,
    "sellingAndMarketingExpenses": 756000000,
    "sellingGeneralAndAdministrativeExpenses": 8513000000,
    "otherExpenses": 5609000000,
    "operatingExpenses": 14122000000,
    "costAndExpenses": 18779000000,
    "netInterestIncome": 12208000000,
    "interestIncome": 15650000000,
    "interestExpense": 3442000000,
    "depreciationAndAmortization": 1504000000,
    "ebitda": 11253000000,
    "ebit": 9749000000,
    "nonOperatingIncomeExcludingInterest": 0,
    "operatingIncome": 9749000000,
    "totalOtherIncomeExpensesNet": 0,
    "incomeBeforeTax": 9749000000,
    "incomeTaxExpense": 2720000000,
    "netIncomeFromContinuingOperations": 7029000000,
    "netIncomeFromDiscontinuedOperations": 0,
    "otherAdjustmentsToNetIncome": 0,
    "netIncome": 7029000000,
    "netIncomeDeductions": 0,
    "bottomLineNetIncome": 6555000000,
    "eps": 1.83,
    "epsDiluted": 1.82,
    "weightedAverageShsOut": 3599000000,
    "weightedAverageShsOutDil": 3614296000
  },
  {
    "date": "2017-03-31",
    "symbol": "JPM",
    "reportedCurrency": "USD",
    "cik": "0000019617",
    "filingDate": "2017-05-02",
    "acceptedDate": "2017-05-02 16:15:49",
    "fiscalYear": "2017",
    "period": "Q1",
    "revenue": 27917000000,
    "costOfRevenue": 4293000000,
    "grossProfit": 23624000000,
    "researchAndDevelopmentExpenses": 0,
    "generalAndAdministrativeExpenses": 8256000000,
    "sellingAndMarketingExpenses": 713000000,
    "sellingGeneralAndAdministrativeExpenses": 8969000000,
    "otherExpenses": 6314000000,
    "operatingExpenses": 15283000000,
    "costAndExpenses": 19576000000,
    "netInterestIncome": 12064000000,
    "interestIncome": 15042000000,
    "interestExpense": 2978000000,
    "depreciationAndAmortization": 1464000000,
    "ebitda": 9805000000,
    "ebit": 8341000000,
    "nonOperatingIncomeExcludingInterest": 0,
    "operatingIncome": 8341000000,
    "totalOtherIncomeExpensesNet": 0,
    "incomeBeforeTax": 8341000000,
    "incomeTaxExpense": 1893000000,
    "netIncomeFromContinuingOperations": 6448000000,
    "netIncomeFromDiscontinuedOperations": 0,
    "otherAdjustmentsToNetIncome": 0,
    "netIncome": 6448000000,
    "netIncomeDeductions": 0,
    "bottomLineNetIncome": 5975000000,
    "eps": 1.66,
    "epsDiluted": 1.65,
    "weightedAverageShsOut": 3621212000,
    "weightedAverageShsOutDil": 3630400000
  },
  {
    "date": "2016-12-31",
    "symbol": "JPM",
    "reportedCurrency": "USD",
    "cik": "0000019617",
    "filingDate": "2017-02-28",
    "acceptedDate": "2017-02-28 16:23:41",
    "fiscalYear": "2016",
    "period": "Q4",
    "revenue": 26089000000,
    "costOfRevenue": 3577000000,
    "grossProfit": 22512000000,
    "researchAndDevelopmentExpenses": 0,
    "generalAndAdministrativeExpenses": 6872000000,
    "sellingAndMarketingExpenses": 697000000,
    "sellingGeneralAndAdministrativeExpenses": 7569000000,
    "otherExpenses": 6264000000,
    "operatingExpenses": 13833000000,
    "costAndExpenses": 17410000000,
    "netInterestIncome": 11753000000,
    "interestIncome": 14466000000,
    "interestExpense": 2713000000,
    "depreciationAndAmortization": 1446000000,
    "ebitda": 10125000000,
    "ebit": 8679000000,
    "nonOperatingIncomeExcludingInterest": 0,
    "operatingIncome": 8679000000,
    "totalOtherIncomeExpensesNet": 0,
    "incomeBeforeTax": 8679000000,
    "incomeTaxExpense": 1952000000,
    "netIncomeFromContinuingOperations": 6727000000,
    "netIncomeFromDiscontinuedOperations": 0,
    "otherAdjustmentsToNetIncome": 0,
    "netIncome": 6727000000,
    "netIncomeDeductions": 0,
    "bottomLineNetIncome": 6180000000,
    "eps": 1.73,
    "epsDiluted": 1.71,
    "weightedAverageShsOut": 3606000000,
    "weightedAverageShsOutDil": 3608922000
  },
  {
    "date": "2016-09-30",
    "symbol": "JPM",
    "reportedCurrency": "USD",
    "cik": "0000019617",
    "filingDate": "2016-11-01",
    "acceptedDate": "2016-11-01 16:19:05",
    "fiscalYear": "2016",
    "period": "Q3",
    "revenue": 27140000000,
    "costOfRevenue": 3738000000,
    "grossProfit": 23402000000,
    "researchAndDevelopmentExpenses": 0,
    "generalAndAdministrativeExpenses": 7669000000,
    "sellingAndMarketingExpenses": 825000000,
    "sellingGeneralAndAdministrativeExpenses": 8494000000,
    "otherExpenses": 5969000000,
    "operatingExpenses": 14463000000,
    "costAndExpenses": 18201000000,
    "netInterestIncome": 11603000000,
    "interestIncome": 14070000000,
    "interestExpense": 2467000000,
    "depreciationAndAmortization": 1407000000,
    "ebitda": 10346000000,
    "ebit": 8939000000,
    "nonOperatingIncomeExcludingInterest": 0,
    "operatingIncome": 8939000000,
    "totalOtherIncomeExpensesNet": 0,
    "incomeBeforeTax": 8939000000,
    "incomeTaxExpense": 2653000000,
    "netIncomeFromContinuingOperations": 6286000000,
    "netIncomeFromDiscontinuedOperations": 0,
    "otherAdjustmentsToNetIncome": 0,
    "netIncome": 6286000000,
    "netIncomeDeductions": 0,
    "bottomLineNetIncome": 5812000000,
    "eps": 1.6,
    "epsDiluted": 1.58,
    "weightedAverageShsOut": 3597400000,
    "weightedAverageShsOutDil": 3629600000
  },
  {
    "date": "2016-06-30",
    "symbol": "JPM",
    "reportedCurrency": "USD",
    "cik": "0000019617",
    "filingDate": "2016-08-03",
    "acceptedDate": "2016-08-03 16:15:34",
    "fiscalYear": "2016",
    "period": "Q2",
    "revenue": 26846000000,
    "costOfRevenue": 3868000000,
    "grossProfit": 22978000000,
    "researchAndDevelopmentExpenses": 0,
    "generalAndAdministrativeExpenses": 7778000000,
    "sellingAndMarketingExpenses": 672000000,
    "sellingGeneralAndAdministrativeExpenses": 8450000000,
    "otherExpenses": 5188000000,
    "operatingExpenses": 13638000000,
    "costAndExpenses": 12714000000,
    "netInterestIncome": 11347000000,
    "interestIncome": 13813000000,
    "interestExpense": 2466000000,
    "depreciationAndAmortization": 1336000000,
    "ebitda": 10676000000,
    "ebit": 9340000000,
    "nonOperatingIncomeExcludingInterest": 0,
    "operatingIncome": 9340000000,
    "totalOtherIncomeExpensesNet": 0,
    "incomeBeforeTax": 9340000000,
    "incomeTaxExpense": 3140000000,
    "netIncomeFromContinuingOperations": 6200000000,
    "netIncomeFromDiscontinuedOperations": 0,
    "otherAdjustmentsToNetIncome": 0,
    "netIncome": 6200000000,
    "netIncomeDeductions": 0,
    "bottomLineNetIncome": 5728000000,
    "eps": 1.56,
    "epsDiluted": 1.55,
    "weightedAverageShsOut": 3635800000,
    "weightedAverageShsOutDil": 3666500000
  },
  {
    "date": "2016-03-31",
    "symbol": "JPM",
    "reportedCurrency": "USD",
    "cik": "0000019617",
    "filingDate": "2016-04-29",
    "acceptedDate": "2016-04-29 16:18:25",
    "fiscalYear": "2016",
    "period": "Q1",
    "revenue": 25411000000,
    "costOfRevenue": 3996000000,
    "grossProfit": 21415000000,
    "researchAndDevelopmentExpenses": 0,
    "generalAndAdministrativeExpenses": 7660000000,
    "sellingAndMarketingExpenses": 703000000,
    "sellingGeneralAndAdministrativeExpenses": 8363000000,
    "otherExpenses": 5474000000,
    "operatingExpenses": 13837000000,
    "costAndExpenses": 12412000000,
    "netInterestIncome": 11380000000,
    "interestIncome": 13552000000,
    "interestExpense": 2172000000,
    "depreciationAndAmortization": 1289000000,
    "ebitda": 8867000000,
    "ebit": 7578000000,
    "nonOperatingIncomeExcludingInterest": 0,
    "operatingIncome": 7578000000,
    "totalOtherIncomeExpensesNet": 0,
    "incomeBeforeTax": 7578000000,
    "incomeTaxExpense": 2058000000,
    "netIncomeFromContinuingOperations": 5520000000,
    "netIncomeFromDiscontinuedOperations": 0,
    "otherAdjustmentsToNetIncome": 0,
    "netIncome": 5520000000,
    "netIncomeDeductions": 0,
    "bottomLineNetIncome": 5046000000,
    "eps": 1.36,
    "epsDiluted": 1.35,
    "weightedAverageShsOut": 3669900000,
    "weightedAverageShsOutDil": 3696900000
  },
  {
    "date": "2015-12-31",
    "symbol": "JPM",
    "reportedCurrency": "USD",
    "cik": "0000019617",
    "filingDate": "2016-02-23",
    "acceptedDate": "2016-02-23 16:17:46",
    "fiscalYear": "2015",
    "period": "Q4",
    "revenue": 24301000000,
    "costOfRevenue": 3181000000,
    "grossProfit": 21120000000,
    "researchAndDevelopmentExpenses": 0,
    "generalAndAdministrativeExpenses": 6693000000,
    "sellingAndMarketingExpenses": 771000000,
    "sellingGeneralAndAdministrativeExpenses": 7464000000,
    "otherExpenses": 6285000000,
    "operatingExpenses": 13749000000,
    "costAndExpenses": 16930000000,
    "netInterestIncome": 11225000000,
    "interestIncome": 13155000000,
    "interestExpense": 1930000000,
    "depreciationAndAmortization": 1273000000,
    "ebitda": 8644000000,
    "ebit": 7371000000,
    "nonOperatingIncomeExcludingInterest": 0,
    "operatingIncome": 7371000000,
    "totalOtherIncomeExpensesNet": 0,
    "incomeBeforeTax": 7371000000,
    "incomeTaxExpense": 1937000000,
    "netIncomeFromContinuingOperations": 5434000000,
    "netIncomeFromDiscontinuedOperations": 0,
    "otherAdjustmentsToNetIncome": 0,
    "netIncome": 5434000000,
    "netIncomeDeductions": 0,
    "bottomLineNetIncome": 4908000000,
    "eps": 1.34,
    "epsDiluted": 1.32,
    "weightedAverageShsOut": 3704600000,
    "weightedAverageShsOutDil": 3723335000
  },
  {
    "date": "2015-09-30",
    "symbol": "JPM",
    "reportedCurrency": "USD",
    "cik": "0000019617",
    "filingDate": "2015-11-02",
    "acceptedDate": "2015-11-02 16:21:11",
    "fiscalYear": "2015",
    "period": "Q3",
    "revenue": 24595000000,
    "costOfRevenue": 2497000000,
    "grossProfit": 22098000000,
    "researchAndDevelopmentExpenses": 0,
    "generalAndAdministrativeExpenses": 7320000000,
    "sellingAndMarketingExpenses": 704000000,
    "sellingGeneralAndAdministrativeExpenses": 8024000000,
    "otherExpenses": 7344000000,
    "operatingExpenses": 15368000000,
    "costAndExpenses": 12311000000,
    "netInterestIncome": 10924000000,
    "interestIncome": 12739000000,
    "interestExpense": 1815000000,
    "depreciationAndAmortization": 1248000000,
    "ebitda": 7978000000,
    "ebit": 6730000000,
    "nonOperatingIncomeExcludingInterest": 0,
    "operatingIncome": 6730000000,
    "totalOtherIncomeExpensesNet": 0,
    "incomeBeforeTax": 6730000000,
    "incomeTaxExpense": -74000000,
    "netIncomeFromContinuingOperations": 6804000000,
    "netIncomeFromDiscontinuedOperations": 0,
    "otherAdjustmentsToNetIncome": 0,
    "netIncome": 6804000000,
    "netIncomeDeductions": 0,
    "bottomLineNetIncome": 6270000000,
    "eps": 1.7,
    "epsDiluted": 1.68,
    "weightedAverageShsOut": 3725600000,
    "weightedAverageShsOutDil": 3732143000
  },
  {
    "date": "2015-06-30",
    "symbol": "JPM",
    "reportedCurrency": "USD",
    "cik": "0000019617",
    "filingDate": "2015-08-03",
    "acceptedDate": "2015-08-03 16:03:18",
    "fiscalYear": "2015",
    "period": "Q2",
    "revenue": 25642000000,
    "costOfRevenue": 2765000000,
    "grossProfit": 22877000000,
    "researchAndDevelopmentExpenses": 0,
    "generalAndAdministrativeExpenses": 7694000000,
    "sellingAndMarketingExpenses": 642000000,
    "sellingGeneralAndAdministrativeExpenses": 8336000000,
    "otherExpenses": 6164000000,
    "operatingExpenses": 14500000000,
    "costAndExpenses": 12526000000,
    "netInterestIncome": 10684000000,
    "interestIncome": 12514000000,
    "interestExpense": 1830000000,
    "depreciationAndAmortization": 1238000000,
    "ebitda": 9615000000,
    "ebit": 8377000000,
    "nonOperatingIncomeExcludingInterest": 0,
    "operatingIncome": 8377000000,
    "totalOtherIncomeExpensesNet": 0,
    "incomeBeforeTax": 8377000000,
    "incomeTaxExpense": 2087000000,
    "netIncomeFromContinuingOperations": 6290000000,
    "netIncomeFromDiscontinuedOperations": 0,
    "otherAdjustmentsToNetIncome": 0,
    "netIncome": 6290000000,
    "netIncomeDeductions": 0,
    "bottomLineNetIncome": 5776000000,
    "eps": 1.56,
    "epsDiluted": 1.54,
    "weightedAverageShsOut": 3743600000,
    "weightedAverageShsOutDil": 3750649000
  },
  {
    "date": "2015-03-31",
    "symbol": "JPM",
    "reportedCurrency": "USD",
    "cik": "0000019617",
    "filingDate": "2015-05-05",
    "acceptedDate": "2015-05-05 16:08:04",
    "fiscalYear": "2015",
    "period": "Q1",
    "revenue": 25954000000,
    "costOfRevenue": 2847000000,
    "grossProfit": 23107000000,
    "researchAndDevelopmentExpenses": 0,
    "generalAndAdministrativeExpenses": 8043000000,
    "sellingAndMarketingExpenses": 591000000,
    "sellingGeneralAndAdministrativeExpenses": 8634000000,
    "otherExpenses": 6249000000,
    "operatingExpenses": 14883000000,
    "costAndExpenses": 12692000000,
    "netInterestIncome": 10677000000,
    "interestIncome": 12565000000,
    "interestExpense": 1888000000,
    "depreciationAndAmortization": 1181000000,
    "ebitda": 9405000000,
    "ebit": 8224000000,
    "nonOperatingIncomeExcludingInterest": 0,
    "operatingIncome": 8224000000,
    "totalOtherIncomeExpensesNet": 0,
    "incomeBeforeTax": 8224000000,
    "incomeTaxExpense": 2310000000,
    "netIncomeFromContinuingOperations": 5914000000,
    "netIncomeFromDiscontinuedOperations": 0,
    "otherAdjustmentsToNetIncome": 0,
    "netIncome": 5914000000,
    "netIncomeDeductions": 0,
    "bottomLineNetIncome": 5452000000,
    "eps": 1.46,
    "epsDiluted": 1.45,
    "weightedAverageShsOut": 3757500000,
    "weightedAverageShsOutDil": 3760000000
  },
  {
    "date": "2014-12-31",
    "symbol": "JPM",
    "reportedCurrency": "USD",
    "cik": "0000019617",
    "filingDate": "2015-02-24",
    "acceptedDate": "2015-02-24 16:04:18",
    "fiscalYear": "2014",
    "period": "Q4",
    "revenue": 24401000000,
    "costOfRevenue": 2729000000,
    "grossProfit": 21672000000,
    "researchAndDevelopmentExpenses": 0,
    "generalAndAdministrativeExpenses": 6860000000,
    "sellingAndMarketingExpenses": 726000000,
    "sellingGeneralAndAdministrativeExpenses": 7586000000,
    "otherExpenses": 7823000000,
    "operatingExpenses": 15409000000,
    "costAndExpenses": 18138000000,
    "netInterestIncome": 11062000000,
    "interestIncome": 12951000000,
    "interestExpense": 1889000000,
    "depreciationAndAmortization": 1186000000,
    "ebitda": 7449000000,
    "ebit": 6263000000,
    "nonOperatingIncomeExcludingInterest": 0,
    "operatingIncome": 6263000000,
    "totalOtherIncomeExpensesNet": 0,
    "incomeBeforeTax": 6263000000,
    "incomeTaxExpense": 1332000000,
    "netIncomeFromContinuingOperations": 4931000000,
    "netIncomeFromDiscontinuedOperations": 0,
    "otherAdjustmentsToNetIncome": 0,
    "netIncome": 4931000000,
    "netIncomeDeductions": 0,
    "bottomLineNetIncome": 4488000000,
    "eps": 1.2,
    "epsDiluted": 1.19,
    "weightedAverageShsOut": 3745321000,
    "weightedAverageShsOutDil": 3765200000
  },
  {
    "date": "2014-09-30",
    "symbol": "JPM",
    "reportedCurrency": "USD",
    "cik": "0000019617",
    "filingDate": "2014-11-03",
    "acceptedDate": "2014-11-03 17:23:42",
    "fiscalYear": "2014",
    "period": "Q3",
    "revenue": 26288000000,
    "costOfRevenue": 2576000000,
    "grossProfit": 23712000000,
    "researchAndDevelopmentExpenses": 0,
    "generalAndAdministrativeExpenses": 7831000000,
    "sellingAndMarketingExpenses": 610000000,
    "sellingGeneralAndAdministrativeExpenses": 8441000000,
    "otherExpenses": 7357000000,
    "operatingExpenses": 15798000000,
    "costAndExpenses": 12791000000,
    "netInterestIncome": 11107000000,
    "interestIncome": 12926000000,
    "interestExpense": 1819000000,
    "depreciationAndAmortization": 1147000000,
    "ebitda": 9061000000,
    "ebit": 7914000000,
    "nonOperatingIncomeExcludingInterest": 0,
    "operatingIncome": 7914000000,
    "totalOtherIncomeExpensesNet": 0,
    "incomeBeforeTax": 7914000000,
    "incomeTaxExpense": 2349000000,
    "netIncomeFromContinuingOperations": 5565000000,
    "netIncomeFromDiscontinuedOperations": 0,
    "otherAdjustmentsToNetIncome": 0,
    "netIncome": 5565000000,
    "netIncomeDeductions": 0,
    "bottomLineNetIncome": 5128000000,
    "eps": 1.37,
    "epsDiluted": 1.35,
    "weightedAverageShsOut": 3788700000,
    "weightedAverageShsOutDil": 3798519000
  },
  {
    "date": "2014-06-30",
    "symbol": "JPM",
    "reportedCurrency": "USD",
    "cik": "0000019617",
    "filingDate": "2014-08-04",
    "acceptedDate": "2014-08-04 16:27:32",
    "fiscalYear": "2014",
    "period": "Q2",
    "revenue": 26741000000,
    "costOfRevenue": 2755000000,
    "grossProfit": 23986000000,
    "researchAndDevelopmentExpenses": 0,
    "generalAndAdministrativeExpenses": 7610000000,
    "sellingAndMarketingExpenses": 650000000,
    "sellingGeneralAndAdministrativeExpenses": 8260000000,
    "otherExpenses": 7171000000,
    "operatingExpenses": 15431000000,
    "costAndExpenses": 12598000000,
    "netInterestIncome": 10798000000,
    "interestIncome": 12861000000,
    "interestExpense": 2063000000,
    "depreciationAndAmortization": 1218000000,
    "ebitda": 9773000000,
    "ebit": 8555000000,
    "nonOperatingIncomeExcludingInterest": 0,
    "operatingIncome": 8555000000,
    "totalOtherIncomeExpensesNet": 0,
    "incomeBeforeTax": 8555000000,
    "incomeTaxExpense": 2575000000,
    "netIncomeFromContinuingOperations": 5980000000,
    "netIncomeFromDiscontinuedOperations": 0,
    "otherAdjustmentsToNetIncome": 0,
    "netIncome": 5980000000,
    "netIncomeDeductions": 0,
    "bottomLineNetIncome": 5568000000,
    "eps": 1.47,
    "epsDiluted": 1.46,
    "weightedAverageShsOut": 3812500000,
    "weightedAverageShsOutDil": 3813699000
  },
  {
    "date": "2014-03-31",
    "symbol": "JPM",
    "reportedCurrency": "USD",
    "cik": "0000019617",
    "filingDate": "2014-05-02",
    "acceptedDate": "2014-05-02 16:02:43",
    "fiscalYear": "2014",
    "period": "Q1",
    "revenue": 25341000000,
    "costOfRevenue": 2976000000,
    "grossProfit": 22365000000,
    "researchAndDevelopmentExpenses": 0,
    "generalAndAdministrativeExpenses": 7859000000,
    "sellingAndMarketingExpenses": 564000000,
    "sellingGeneralAndAdministrativeExpenses": 8423000000,
    "otherExpenses": 6213000000,
    "operatingExpenses": 14636000000,
    "costAndExpenses": 12572000000,
    "netInterestIncome": 10667000000,
    "interestIncome": 12793000000,
    "interestExpense": 2126000000,
    "depreciationAndAmortization": 1208000000,
    "ebitda": 8937000000,
    "ebit": 7729000000,
    "nonOperatingIncomeExcludingInterest": 0,
    "operatingIncome": 7729000000,
    "totalOtherIncomeExpensesNet": 0,
    "incomeBeforeTax": 7729000000,
    "incomeTaxExpense": 2460000000,
    "netIncomeFromContinuingOperations": 5269000000,
    "netIncomeFromDiscontinuedOperations": 0,
    "otherAdjustmentsToNetIncome": 0,
    "netIncome": 5269000000,
    "netIncomeDeductions": 0,
    "bottomLineNetIncome": 4893000000,
    "eps": 1.29,
    "epsDiluted": 1.28,
    "weightedAverageShsOut": 3822656000,
    "weightedAverageShsOutDil": 3823600000
  },
  {
    "date": "2013-12-31",
    "symbol": "JPM",
    "reportedCurrency": "USD",
    "cik": "0000019617",
    "filingDate": "2014-02-20",
    "acceptedDate": "2014-02-19 20:02:20",
    "fiscalYear": "2013",
    "period": "Q4",
    "revenue": 25511000000,
    "costOfRevenue": 2459000000,
    "grossProfit": 23052000000,
    "researchAndDevelopmentExpenses": 0,
    "generalAndAdministrativeExpenses": 7052000000,
    "sellingAndMarketingExpenses": 745000000,
    "sellingGeneralAndAdministrativeExpenses": 7797000000,
    "otherExpenses": 7755000000,
    "operatingExpenses": 15552000000,
    "costAndExpenses": 18011000000,
    "netInterestIncome": 10907000000,
    "interestIncome": 13262000000,
    "interestExpense": 2355000000,
    "depreciationAndAmortization": 1246000000,
    "ebitda": 8746000000,
    "ebit": 7500000000,
    "nonOperatingIncomeExcludingInterest": 0,
    "operatingIncome": 7500000000,
    "totalOtherIncomeExpensesNet": 0,
    "incomeBeforeTax": 7500000000,
    "incomeTaxExpense": 2222000000,
    "netIncomeFromContinuingOperations": 5278000000,
    "netIncomeFromDiscontinuedOperations": 0,
    "otherAdjustmentsToNetIncome": 0,
    "netIncome": 5278000000,
    "netIncomeDeductions": 0,
    "bottomLineNetIncome": 4937000000,
    "eps": 1.31,
    "epsDiluted": 1.3,
    "weightedAverageShsOut": 3793974000,
    "weightedAverageShsOutDil": 3797100000
  },
  {
    "date": "2013-09-30",
    "symbol": "JPM",
    "reportedCurrency": "USD",
    "cik": "0000019617",
    "filingDate": "2013-11-01",
    "acceptedDate": "2013-11-01 07:09:50",
    "fiscalYear": "2013",
    "period": "Q3",
    "revenue": 25408000000,
    "costOfRevenue": 1748000000,
    "grossProfit": 23660000000,
    "researchAndDevelopmentExpenses": 0,
    "generalAndAdministrativeExpenses": 7325000000,
    "sellingAndMarketingExpenses": 588000000,
    "sellingGeneralAndAdministrativeExpenses": 7913000000,
    "otherExpenses": 15713000000,
    "operatingExpenses": 23626000000,
    "costAndExpenses": 12113000000,
    "netInterestIncome": 10775000000,
    "interestIncome": 13066000000,
    "interestExpense": 2291000000,
    "depreciationAndAmortization": 1651000000,
    "ebitda": 1685000000,
    "ebit": 34000000,
    "nonOperatingIncomeExcludingInterest": 0,
    "operatingIncome": 34000000,
    "totalOtherIncomeExpensesNet": 0,
    "incomeBeforeTax": 34000000,
    "incomeTaxExpense": 414000000,
    "netIncomeFromContinuingOperations": -380000000,
    "netIncomeFromDiscontinuedOperations": 0,
    "otherAdjustmentsToNetIncome": 0,
    "netIncome": -380000000,
    "netIncomeDeductions": 0,
    "bottomLineNetIncome": -650000000,
    "eps": -0.17,
    "epsDiluted": -0.17,
    "weightedAverageShsOut": 3767000000,
    "weightedAverageShsOutDil": 3767002000
  },
  {
    "date": "2013-06-30",
    "symbol": "JPM",
    "reportedCurrency": "USD",
    "cik": "0000019617",
    "filingDate": "2013-08-07",
    "acceptedDate": "2013-08-07 16:25:03",
    "fiscalYear": "2013",
    "period": "Q2",
    "revenue": 27579000000,
    "costOfRevenue": 2415000000,
    "grossProfit": 25164000000,
    "researchAndDevelopmentExpenses": 0,
    "generalAndAdministrativeExpenses": 8019000000,
    "sellingAndMarketingExpenses": 578000000,
    "sellingGeneralAndAdministrativeExpenses": 8597000000,
    "otherExpenses": 7269000000,
    "operatingExpenses": 15866000000,
    "costAndExpenses": 18185000000,
    "netInterestIncome": 10704000000,
    "interestIncome": 13072000000,
    "interestExpense": 2368000000,
    "depreciationAndAmortization": 1435000000,
    "ebitda": 10733000000,
    "ebit": 9298000000,
    "nonOperatingIncomeExcludingInterest": 0,
    "operatingIncome": 9298000000,
    "totalOtherIncomeExpensesNet": 0,
    "incomeBeforeTax": 9298000000,
    "incomeTaxExpense": 2802000000,
    "netIncomeFromContinuingOperations": 6496000000,
    "netIncomeFromDiscontinuedOperations": 0,
    "otherAdjustmentsToNetIncome": 0,
    "netIncome": 6496000000,
    "netIncomeDeductions": 0,
    "bottomLineNetIncome": 6101000000,
    "eps": 1.61,
    "epsDiluted": 1.6,
    "weightedAverageShsOut": 3812816000,
    "weightedAverageShsOutDil": 3814300000
  },
  {
    "date": "2013-03-31",
    "symbol": "JPM",
    "reportedCurrency": "USD",
    "cik": "0000019617",
    "filingDate": "2013-05-08",
    "acceptedDate": "2013-05-08 16:09:43",
    "fiscalYear": "2013",
    "period": "Q1",
    "revenue": 27554000000,
    "costOfRevenue": 3049000000,
    "grossProfit": 24505000000,
    "researchAndDevelopmentExpenses": 0,
    "generalAndAdministrativeExpenses": 8414000000,
    "sellingAndMarketingExpenses": 589000000,
    "sellingGeneralAndAdministrativeExpenses": 9003000000,
    "otherExpenses": 6420000000,
    "operatingExpenses": 15423000000,
    "costAndExpenses": 18376000000,
    "netInterestIncome": 10933000000,
    "interestIncome": 13365000000,
    "interestExpense": 2432000000,
    "depreciationAndAmortization": 974000000,
    "ebitda": 10056000000,
    "ebit": 9082000000,
    "nonOperatingIncomeExcludingInterest": 0,
    "operatingIncome": 9082000000,
    "totalOtherIncomeExpensesNet": 0,
    "incomeBeforeTax": 9082000000,
    "incomeTaxExpense": 2553000000,
    "netIncomeFromContinuingOperations": 6529000000,
    "netIncomeFromDiscontinuedOperations": 0,
    "otherAdjustmentsToNetIncome": 0,
    "netIncome": 6529000000,
    "netIncomeDeductions": 0,
    "bottomLineNetIncome": 6131000000,
    "eps": 1.61,
    "epsDiluted": 1.59,
    "weightedAverageShsOut": 3847000000,
    "weightedAverageShsOutDil": 3855975000
  },
  {
    "date": "2012-12-31",
    "symbol": "JPM",
    "reportedCurrency": "USD",
    "cik": "0000019617",
    "filingDate": "2013-02-28",
    "acceptedDate": "2013-02-28 16:06:59",
    "fiscalYear": "2012",
    "period": "Q4",
    "revenue": 26165000000,
    "costOfRevenue": 3168000000,
    "grossProfit": 22997000000,
    "researchAndDevelopmentExpenses": 0,
    "generalAndAdministrativeExpenses": 3177000000,
    "sellingAndMarketingExpenses": 648000000,
    "sellingGeneralAndAdministrativeExpenses": 3825000000,
    "otherExpenses": 12222000000,
    "operatingExpenses": 16047000000,
    "costAndExpenses": 19215000000,
    "netInterestIncome": 11122000000,
    "interestIncome": 13634000000,
    "interestExpense": 2512000000,
    "depreciationAndAmortization": 1404000000,
    "ebitda": 8354000000,
    "ebit": 6950000000,
    "nonOperatingIncomeExcludingInterest": 0,
    "operatingIncome": 6950000000,
    "totalOtherIncomeExpensesNet": 0,
    "incomeBeforeTax": 6950000000,
    "incomeTaxExpense": 1258000000,
    "netIncomeFromContinuingOperations": 5692000000,
    "netIncomeFromDiscontinuedOperations": 0,
    "otherAdjustmentsToNetIncome": 0,
    "netIncome": 5692000000,
    "netIncomeDeductions": 653000000,
    "bottomLineNetIncome": 5321000000,
    "eps": 1.4,
    "epsDiluted": 1.39,
    "weightedAverageShsOut": 3820900000,
    "weightedAverageShsOutDil": 3827854000
  },
  {
    "date": "2012-09-30",
    "symbol": "JPM",
    "reportedCurrency": "USD",
    "cik": "0000019617",
    "filingDate": "2012-11-08",
    "acceptedDate": "2012-11-08 07:14:44",
    "fiscalYear": "2012",
    "period": "Q3",
    "revenue": 27799000000,
    "costOfRevenue": 4442000000,
    "grossProfit": 23357000000,
    "researchAndDevelopmentExpenses": 0,
    "generalAndAdministrativeExpenses": 7503000000,
    "sellingAndMarketingExpenses": 607000000,
    "sellingGeneralAndAdministrativeExpenses": 8110000000,
    "otherExpenses": 7261000000,
    "operatingExpenses": 15371000000,
    "costAndExpenses": 19813000000,
    "netInterestIncome": 10976000000,
    "interestIncome": 13629000000,
    "interestExpense": 2653000000,
    "depreciationAndAmortization": 1294000000,
    "ebitda": 9280000000,
    "ebit": 7986000000,
    "nonOperatingIncomeExcludingInterest": 0,
    "operatingIncome": 7986000000,
    "totalOtherIncomeExpensesNet": 0,
    "incomeBeforeTax": 7986000000,
    "incomeTaxExpense": 2278000000,
    "netIncomeFromContinuingOperations": 5708000000,
    "netIncomeFromDiscontinuedOperations": 0,
    "otherAdjustmentsToNetIncome": 0,
    "netIncome": 5708000000,
    "netIncomeDeductions": 0,
    "bottomLineNetIncome": 5346000000,
    "eps": 1.41,
    "epsDiluted": 1.4,
    "weightedAverageShsOut": 3803300000,
    "weightedAverageShsOutDil": 3813900000
  },
  {
    "date": "2012-06-30",
    "symbol": "JPM",
    "reportedCurrency": "USD",
    "cik": "0000019617",
    "filingDate": "2012-08-09",
    "acceptedDate": "2012-08-09 08:17:55",
    "fiscalYear": "2012",
    "period": "Q2",
    "revenue": 25133000000,
    "costOfRevenue": 3167000000,
    "grossProfit": 21966000000,
    "researchAndDevelopmentExpenses": 0,
    "generalAndAdministrativeExpenses": 7427000000,
    "sellingAndMarketingExpenses": 642000000,
    "sellingGeneralAndAdministrativeExpenses": 8069000000,
    "otherExpenses": 6897000000,
    "operatingExpenses": 14966000000,
    "costAndExpenses": 18133000000,
    "netInterestIncome": 11146000000,
    "interestIncome": 14099000000,
    "interestExpense": 2953000000,
    "depreciationAndAmortization": 1217000000,
    "ebitda": 8217000000,
    "ebit": 7000000000,
    "nonOperatingIncomeExcludingInterest": 0,
    "operatingIncome": 7000000000,
    "totalOtherIncomeExpensesNet": 0,
    "incomeBeforeTax": 7000000000,
    "incomeTaxExpense": 2040000000,
    "netIncomeFromContinuingOperations": 4960000000,
    "netIncomeFromDiscontinuedOperations": 0,
    "otherAdjustmentsToNetIncome": 0,
    "netIncome": 4960000000,
    "netIncomeDeductions": 0,
    "bottomLineNetIncome": 4634000000,
    "eps": 1.22,
    "epsDiluted": 1.21,
    "weightedAverageShsOut": 3808900000,
    "weightedAverageShsOutDil": 3820500000
  },
  {
    "date": "2012-03-31",
    "symbol": "JPM",
    "reportedCurrency": "USD",
    "cik": "0000019617",
    "filingDate": "2012-05-10",
    "acceptedDate": "2012-05-10 16:39:24",
    "fiscalYear": "2012",
    "period": "Q1",
    "revenue": 29087000000,
    "costOfRevenue": 3761000000,
    "grossProfit": 25326000000,
    "researchAndDevelopmentExpenses": 0,
    "generalAndAdministrativeExpenses": 8613000000,
    "sellingAndMarketingExpenses": 680000000,
    "sellingGeneralAndAdministrativeExpenses": 9293000000,
    "otherExpenses": 9052000000,
    "operatingExpenses": 18345000000,
    "costAndExpenses": 22106000000,
    "netInterestIncome": 11666000000,
    "interestIncome": 14701000000,
    "interestExpense": 3035000000,
    "depreciationAndAmortization": 1232000000,
    "ebitda": 8213000000,
    "ebit": 6981000000,
    "nonOperatingIncomeExcludingInterest": 0,
    "operatingIncome": 6981000000,
    "totalOtherIncomeExpensesNet": 0,
    "incomeBeforeTax": 6981000000,
    "incomeTaxExpense": 2057000000,
    "netIncomeFromContinuingOperations": 4924000000,
    "netIncomeFromDiscontinuedOperations": 0,
    "otherAdjustmentsToNetIncome": 0,
    "netIncome": 4924000000,
    "netIncomeDeductions": 0,
    "bottomLineNetIncome": 4577000000,
    "eps": 1.19,
    "epsDiluted": 1.2,
    "weightedAverageShsOut": 3818800000,
    "weightedAverageShsOutDil": 3833400000
  },
  {
    "date": "2011-12-31",
    "symbol": "JPM",
    "reportedCurrency": "USD",
    "cik": "0000019617",
    "filingDate": "2012-02-29",
    "acceptedDate": "2012-02-29 10:29:19",
    "fiscalYear": "2011",
    "period": "Q4",
    "revenue": 24394000000,
    "costOfRevenue": 5107000000,
    "grossProfit": 19287000000,
    "researchAndDevelopmentExpenses": 0,
    "generalAndAdministrativeExpenses": 2632000000,
    "sellingAndMarketingExpenses": 814000000,
    "sellingGeneralAndAdministrativeExpenses": 3446000000,
    "otherExpenses": 11094000000,
    "operatingExpenses": 14540000000,
    "costAndExpenses": 19647000000,
    "netInterestIncome": 12131000000,
    "interestIncome": 15054000000,
    "interestExpense": 2923000000,
    "depreciationAndAmortization": 1288000000,
    "ebitda": 6035000000,
    "ebit": 4747000000,
    "nonOperatingIncomeExcludingInterest": 0,
    "operatingIncome": 4747000000,
    "totalOtherIncomeExpensesNet": 0,
    "incomeBeforeTax": 4747000000,
    "incomeTaxExpense": 1019000000,
    "netIncomeFromContinuingOperations": 3728000000,
    "netIncomeFromDiscontinuedOperations": 0,
    "otherAdjustmentsToNetIncome": 0,
    "netIncome": 3728000000,
    "netIncomeDeductions": 629000000,
    "bottomLineNetIncome": 3427000000,
    "eps": 0.9,
    "epsDiluted": 0.9,
    "weightedAverageShsOut": 3801900000,
    "weightedAverageShsOutDil": 3811700000
  },
  {
    "date": "2011-09-30",
    "symbol": "JPM",
    "reportedCurrency": "USD",
    "cik": "0000019617",
    "filingDate": "2011-11-04",
    "acceptedDate": "2011-11-04 15:18:09",
    "fiscalYear": "2011",
    "period": "Q3",
    "revenue": 27106000000,
    "costOfRevenue": 5754000000,
    "grossProfit": 21352000000,
    "researchAndDevelopmentExpenses": 0,
    "generalAndAdministrativeExpenses": 8156000000,
    "sellingAndMarketingExpenses": 926000000,
    "sellingGeneralAndAdministrativeExpenses": 9082000000,
    "otherExpenses": 6452000000,
    "operatingExpenses": 15534000000,
    "costAndExpenses": 21288000000,
    "netInterestIncome": 11817000000,
    "interestIncome": 15160000000,
    "interestExpense": 3343000000,
    "depreciationAndAmortization": 1265000000,
    "ebitda": 7083000000,
    "ebit": 5818000000,
    "nonOperatingIncomeExcludingInterest": 0,
    "operatingIncome": 5818000000,
    "totalOtherIncomeExpensesNet": 0,
    "incomeBeforeTax": 5818000000,
    "incomeTaxExpense": 1556000000,
    "netIncomeFromContinuingOperations": 4262000000,
    "netIncomeFromDiscontinuedOperations": 0,
    "otherAdjustmentsToNetIncome": 0,
    "netIncome": 4262000000,
    "netIncomeDeductions": 0,
    "bottomLineNetIncome": 3936000000,
    "eps": 1.02,
    "epsDiluted": 1.02,
    "weightedAverageShsOut": 3859600000,
    "weightedAverageShsOutDil": 3872200000
  },
  {
    "date": "2011-06-30",
    "symbol": "JPM",
    "reportedCurrency": "USD",
    "cik": "0000019617",
    "filingDate": "2011-08-05",
    "acceptedDate": "2011-08-05 14:30:36",
    "fiscalYear": "2011",
    "period": "Q2",
    "revenue": 30575000000,
    "costOfRevenue": 5606000000,
    "grossProfit": 24969000000,
    "researchAndDevelopmentExpenses": 0,
    "generalAndAdministrativeExpenses": 8786000000,
    "sellingAndMarketingExpenses": 744000000,
    "sellingGeneralAndAdministrativeExpenses": 9530000000,
    "otherExpenses": 7312000000,
    "operatingExpenses": 16842000000,
    "costAndExpenses": 22448000000,
    "netInterestIncome": 11836000000,
    "interestIncome": 15632000000,
    "interestExpense": 3796000000,
    "depreciationAndAmortization": 1278000000,
    "ebitda": 9405000000,
    "ebit": 8127000000,
    "nonOperatingIncomeExcludingInterest": 0,
    "operatingIncome": 8127000000,
    "totalOtherIncomeExpensesNet": 0,
    "incomeBeforeTax": 8127000000,
    "incomeTaxExpense": 2696000000,
    "netIncomeFromContinuingOperations": 5431000000,
    "netIncomeFromDiscontinuedOperations": 0,
    "otherAdjustmentsToNetIncome": 0,
    "netIncome": 5431000000,
    "netIncomeDeductions": 0,
    "bottomLineNetIncome": 5067000000,
    "eps": 1.28,
    "epsDiluted": 1.28,
    "weightedAverageShsOut": 3958400000,
    "weightedAverageShsOutDil": 3958400000
  },
  {
    "date": "2011-03-31",
    "symbol": "JPM",
    "reportedCurrency": "USD",
    "cik": "0000019617",
    "filingDate": "2011-05-06",
    "acceptedDate": "2011-05-05 21:27:44",
    "fiscalYear": "2011",
    "period": "Q1",
    "revenue": 28763000000,
    "costOfRevenue": 4711000000,
    "grossProfit": 24052000000,
    "researchAndDevelopmentExpenses": 0,
    "generalAndAdministrativeExpenses": 9463000000,
    "sellingAndMarketingExpenses": 659000000,
    "sellingGeneralAndAdministrativeExpenses": 10122000000,
    "otherExpenses": 5873000000,
    "operatingExpenses": 15995000000,
    "costAndExpenses": 20706000000,
    "netInterestIncome": 11905000000,
    "interestIncome": 15447000000,
    "interestExpense": 3542000000,
    "depreciationAndAmortization": 1274000000,
    "ebitda": 9331000000,
    "ebit": 8057000000,
    "nonOperatingIncomeExcludingInterest": 0,
    "operatingIncome": 8057000000,
    "totalOtherIncomeExpensesNet": 0,
    "incomeBeforeTax": 8057000000,
    "incomeTaxExpense": 2502000000,
    "netIncomeFromContinuingOperations": 5555000000,
    "netIncomeFromDiscontinuedOperations": 0,
    "otherAdjustmentsToNetIncome": 0,
    "netIncome": 5555000000,
    "netIncomeDeductions": 0,
    "bottomLineNetIncome": 5136000000,
    "eps": 1.29,
    "epsDiluted": 1.28,
    "weightedAverageShsOut": 3981600000,
    "weightedAverageShsOutDil": 4014100000
  },
  {
    "date": "2010-12-31",
    "symbol": "JPM",
    "reportedCurrency": "USD",
    "cik": "0000019617",
    "filingDate": "2011-02-28",
    "acceptedDate": "2011-02-28 16:27:50",
    "fiscalYear": "2010",
    "period": "Q4",
    "revenue": 29608000000,
    "costOfRevenue": 6553000000,
    "grossProfit": 23055000000,
    "researchAndDevelopmentExpenses": 0,
    "generalAndAdministrativeExpenses": 3085000000,
    "sellingAndMarketingExpenses": 584000000,
    "sellingGeneralAndAdministrativeExpenses": 3669000000,
    "otherExpenses": 12374000000,
    "operatingExpenses": 16043000000,
    "costAndExpenses": 22596000000,
    "netInterestIncome": 12102000000,
    "interestIncome": 15612000000,
    "interestExpense": 3510000000,
    "depreciationAndAmortization": 1288000000,
    "ebitda": 8300000000,
    "ebit": 7012000000,
    "nonOperatingIncomeExcludingInterest": 0,
    "operatingIncome": 7012000000,
    "totalOtherIncomeExpensesNet": 0,
    "incomeBeforeTax": 7012000000,
    "incomeTaxExpense": 2181000000,
    "netIncomeFromContinuingOperations": 4831000000,
    "netIncomeFromDiscontinuedOperations": 0,
    "otherAdjustmentsToNetIncome": 0,
    "netIncome": 4831000000,
    "netIncomeDeductions": 642000000,
    "bottomLineNetIncome": 4411000000,
    "eps": 1.13,
    "epsDiluted": 1.12,
    "weightedAverageShsOut": 3917000000,
    "weightedAverageShsOutDil": 3935200000
  },
  {
    "date": "2010-09-30",
    "symbol": "JPM",
    "reportedCurrency": "USD",
    "cik": "0000019617",
    "filingDate": "2010-11-09",
    "acceptedDate": "2010-11-08 19:45:15",
    "fiscalYear": "2010",
    "period": "Q3",
    "revenue": 26928000000,
    "costOfRevenue": 6327000000,
    "grossProfit": 20601000000,
    "researchAndDevelopmentExpenses": 0,
    "generalAndAdministrativeExpenses": 7845000000,
    "sellingAndMarketingExpenses": 651000000,
    "sellingGeneralAndAdministrativeExpenses": 8496000000,
    "otherExpenses": 5902000000,
    "operatingExpenses": 14398000000,
    "costAndExpenses": 20725000000,
    "netInterestIncome": 12502000000,
    "interestIncome": 15606000000,
    "interestExpense": 3104000000,
    "depreciationAndAmortization": 1273000000,
    "ebitda": 7476000000,
    "ebit": 6203000000,
    "nonOperatingIncomeExcludingInterest": 0,
    "operatingIncome": 6203000000,
    "totalOtherIncomeExpensesNet": 0,
    "incomeBeforeTax": 6203000000,
    "incomeTaxExpense": 1785000000,
    "netIncomeFromContinuingOperations": 4418000000,
    "netIncomeFromDiscontinuedOperations": 0,
    "otherAdjustmentsToNetIncome": 0,
    "netIncome": 4418000000,
    "netIncomeDeductions": 0,
    "bottomLineNetIncome": 4019000000,
    "eps": 1.02,
    "epsDiluted": 1.01,
    "weightedAverageShsOut": 3954300000,
    "weightedAverageShsOutDil": 3971900000
  },
  {
    "date": "2010-06-30",
    "symbol": "JPM",
    "reportedCurrency": "USD",
    "cik": "0000019617",
    "filingDate": "2010-08-06",
    "acceptedDate": "2010-08-06 15:39:00",
    "fiscalYear": "2010",
    "period": "Q2",
    "revenue": 28133000000,
    "costOfRevenue": 6395000000,
    "grossProfit": 21738000000,
    "researchAndDevelopmentExpenses": 0,
    "generalAndAdministrativeExpenses": 8781000000,
    "sellingAndMarketingExpenses": 628000000,
    "sellingGeneralAndAdministrativeExpenses": 9409000000,
    "otherExpenses": 5222000000,
    "operatingExpenses": 14631000000,
    "costAndExpenses": 21026000000,
    "netInterestIncome": 12687000000,
    "interestIncome": 15719000000,
    "interestExpense": 3032000000,
    "depreciationAndAmortization": 1208000000,
    "ebitda": 8315000000,
    "ebit": 7107000000,
    "nonOperatingIncomeExcludingInterest": 0,
    "operatingIncome": 7107000000,
    "totalOtherIncomeExpensesNet": 0,
    "incomeBeforeTax": 7107000000,
    "incomeTaxExpense": 2312000000,
    "netIncomeFromContinuingOperations": 4795000000,
    "netIncomeFromDiscontinuedOperations": 0,
    "otherAdjustmentsToNetIncome": 0,
    "netIncome": 4795000000,
    "netIncomeDeductions": -432000000,
    "bottomLineNetIncome": 4363000000,
    "eps": 1.1,
    "epsDiluted": 1.09,
    "weightedAverageShsOut": 3983500000,
    "weightedAverageShsOutDil": 4005600000
  },
  {
    "date": "2010-03-31",
    "symbol": "JPM",
    "reportedCurrency": "USD",
    "cik": "0000019617",
    "filingDate": "2010-05-10",
    "acceptedDate": "2010-05-10 16:00:02",
    "fiscalYear": "2010",
    "period": "Q1",
    "revenue": 30806000000,
    "costOfRevenue": 10145000000,
    "grossProfit": 20661000000,
    "researchAndDevelopmentExpenses": 0,
    "generalAndAdministrativeExpenses": 8413000000,
    "sellingAndMarketingExpenses": 583000000,
    "sellingGeneralAndAdministrativeExpenses": 8996000000,
    "otherExpenses": 7128000000,
    "operatingExpenses": 16124000000,
    "costAndExpenses": 26269000000,
    "netInterestIncome": 13710000000,
    "interestIncome": 16845000000,
    "interestExpense": 3135000000,
    "depreciationAndAmortization": 1204000000,
    "ebitda": 5741000000,
    "ebit": 4537000000,
    "nonOperatingIncomeExcludingInterest": 0,
    "operatingIncome": 4537000000,
    "totalOtherIncomeExpensesNet": 0,
    "incomeBeforeTax": 4537000000,
    "incomeTaxExpense": 1211000000,
    "netIncomeFromContinuingOperations": 3326000000,
    "netIncomeFromDiscontinuedOperations": 0,
    "otherAdjustmentsToNetIncome": 0,
    "netIncome": 3326000000,
    "netIncomeDeductions": -352000000,
    "bottomLineNetIncome": 2974000000,
    "eps": 0.75,
    "epsDiluted": 0.74,
    "weightedAverageShsOut": 3970500000,
    "weightedAverageShsOutDil": 3994700000
  },
  {
    "date": "2009-12-31",
    "symbol": "JPM",
    "reportedCurrency": "USD",
    "cik": "0000019617",
    "filingDate": "2010-02-24",
    "acceptedDate": "2010-02-24 06:19:22",
    "fiscalYear": "2009",
    "period": "Q4",
    "revenue": 26401000000,
    "costOfRevenue": 10521000000,
    "grossProfit": 15880000000,
    "researchAndDevelopmentExpenses": 0,
    "generalAndAdministrativeExpenses": 1670000000,
    "sellingAndMarketingExpenses": 536000000,
    "sellingGeneralAndAdministrativeExpenses": 2206000000,
    "otherExpenses": 9798000000,
    "operatingExpenses": 12004000000,
    "costAndExpenses": 22525000000,
    "netInterestIncome": 12378000000,
    "interestIncome": 15615000000,
    "interestExpense": 3237000000,
    "depreciationAndAmortization": 1087000000,
    "ebitda": 4963000000,
    "ebit": 3876000000,
    "nonOperatingIncomeExcludingInterest": 0,
    "operatingIncome": 3876000000,
    "totalOtherIncomeExpensesNet": 0,
    "incomeBeforeTax": 3876000000,
    "incomeTaxExpense": 598000000,
    "netIncomeFromContinuingOperations": 3278000000,
    "netIncomeFromDiscontinuedOperations": 0,
    "otherAdjustmentsToNetIncome": 0,
    "netIncome": 3278000000,
    "netIncomeDeductions": 1327000000,
    "bottomLineNetIncome": 2949000000,
    "eps": 0.75,
    "epsDiluted": 0.74,
    "weightedAverageShsOut": 3946100000,
    "weightedAverageShsOutDil": 3974100000
  },
  {
    "date": "2009-09-30",
    "symbol": "JPM",
    "reportedCurrency": "USD",
    "cik": "0000019617",
    "filingDate": "2009-11-09",
    "acceptedDate": "2009-11-09 15:36:03",
    "fiscalYear": "2009",
    "period": "Q3",
    "revenue": 30145000000,
    "costOfRevenue": 11627000000,
    "grossProfit": 18518000000,
    "researchAndDevelopmentExpenses": 0,
    "generalAndAdministrativeExpenses": 8451000000,
    "sellingAndMarketingExpenses": 440000000,
    "sellingGeneralAndAdministrativeExpenses": 8891000000,
    "otherExpenses": 4564000000,
    "operatingExpenses": 13455000000,
    "costAndExpenses": 25082000000,
    "netInterestIncome": 12737000000,
    "interestIncome": 16260000000,
    "interestExpense": 3523000000,
    "depreciationAndAmortization": 997000000,
    "ebitda": 6060000000,
    "ebit": 5063000000,
    "nonOperatingIncomeExcludingInterest": 0,
    "operatingIncome": 5063000000,
    "totalOtherIncomeExpensesNet": 0,
    "incomeBeforeTax": 5063000000,
    "incomeTaxExpense": 1551000000,
    "netIncomeFromContinuingOperations": 3512000000,
    "netIncomeFromDiscontinuedOperations": 0,
    "otherAdjustmentsToNetIncome": 76000000,
    "netIncome": 3588000000,
    "netIncomeDeductions": 0,
    "bottomLineNetIncome": 3240000000,
    "eps": 0.82,
    "epsDiluted": 0.82,
    "weightedAverageShsOut": 3937900000,
    "weightedAverageShsOutDil": 3962000000
  },
  {
    "date": "2009-06-30",
    "symbol": "JPM",
    "reportedCurrency": "USD",
    "cik": "0000019617",
    "filingDate": "2009-08-10",
    "acceptedDate": "2009-08-10 15:46:09",
    "fiscalYear": "2009",
    "period": "Q2",
    "revenue": 29502000000,
    "costOfRevenue": 11910000000,
    "grossProfit": 17592000000,
    "researchAndDevelopmentExpenses": 0,
    "generalAndAdministrativeExpenses": 8073000000,
    "sellingAndMarketingExpenses": 417000000,
    "sellingGeneralAndAdministrativeExpenses": 8490000000,
    "otherExpenses": 5030000000,
    "operatingExpenses": 13520000000,
    "costAndExpenses": 25430000000,
    "netInterestIncome": 12670000000,
    "interestIncome": 16549000000,
    "interestExpense": 3879000000,
    "depreciationAndAmortization": 1063000000,
    "ebitda": 5135000000,
    "ebit": 4072000000,
    "nonOperatingIncomeExcludingInterest": 0,
    "operatingIncome": 4072000000,
    "totalOtherIncomeExpensesNet": 0,
    "incomeBeforeTax": 4072000000,
    "incomeTaxExpense": 1351000000,
    "netIncomeFromContinuingOperations": 2721000000,
    "netIncomeFromDiscontinuedOperations": 0,
    "otherAdjustmentsToNetIncome": 0,
    "netIncome": 2721000000,
    "netIncomeDeductions": 0,
    "bottomLineNetIncome": 1072000000,
    "eps": 0.28,
    "epsDiluted": 0.28,
    "weightedAverageShsOut": 3811500000,
    "weightedAverageShsOutDil": 3824100000
  },
  {
    "date": "2009-03-31",
    "symbol": "JPM",
    "reportedCurrency": "USD",
    "cik": "0000019617",
    "filingDate": "2009-05-07",
    "acceptedDate": "2009-05-07 16:42:52",
    "fiscalYear": "2009",
    "period": "Q1",
    "revenue": 29584000000,
    "costOfRevenue": 13155000000,
    "grossProfit": 16429000000,
    "researchAndDevelopmentExpenses": 0,
    "generalAndAdministrativeExpenses": 8734000000,
    "sellingAndMarketingExpenses": 384000000,
    "sellingGeneralAndAdministrativeExpenses": 9118000000,
    "otherExpenses": 4255000000,
    "operatingExpenses": 13373000000,
    "costAndExpenses": 26528000000,
    "netInterestIncome": 13367000000,
    "interestIncome": 17926000000,
    "interestExpense": 4559000000,
    "depreciationAndAmortization": 686000000,
    "ebitda": 3742000000,
    "ebit": 3056000000,
    "nonOperatingIncomeExcludingInterest": 0,
    "operatingIncome": 3056000000,
    "totalOtherIncomeExpensesNet": 0,
    "incomeBeforeTax": 3056000000,
    "incomeTaxExpense": 915000000,
    "netIncomeFromContinuingOperations": 2141000000,
    "netIncomeFromDiscontinuedOperations": 0,
    "otherAdjustmentsToNetIncome": 0,
    "netIncome": 2141000000,
    "netIncomeDeductions": 0,
    "bottomLineNetIncome": 1519000000,
    "eps": 0.4,
    "epsDiluted": 0.4,
    "weightedAverageShsOut": 3755700000,
    "weightedAverageShsOutDil": 3758700000
  },
  {
    "date": "2008-12-31",
    "symbol": "JPM",
    "reportedCurrency": "USD",
    "cik": "0000019617",
    "filingDate": "2009-03-02",
    "acceptedDate": "2009-03-02 16:12:08",
    "fiscalYear": "2008",
    "period": "Q4",
    "revenue": 25025000000,
    "costOfRevenue": 15112000000,
    "grossProfit": 9913000000,
    "researchAndDevelopmentExpenses": 0,
    "generalAndAdministrativeExpenses": 5024000000,
    "sellingAndMarketingExpenses": 501000000,
    "sellingGeneralAndAdministrativeExpenses": 5525000000,
    "otherExpenses": 5730000000,
    "operatingExpenses": 11255000000,
    "costAndExpenses": 26367000000,
    "netInterestIncome": 13832000000,
    "interestIncome": 21631000000,
    "interestExpense": 7799000000,
    "depreciationAndAmortization": 1156000000,
    "ebitda": -186000000,
    "ebit": -1342000000,
    "nonOperatingIncomeExcludingInterest": 0,
    "operatingIncome": -1342000000,
    "totalOtherIncomeExpensesNet": 0,
    "incomeBeforeTax": -1342000000,
    "incomeTaxExpense": -719000000,
    "netIncomeFromContinuingOperations": -623000000,
    "netIncomeFromDiscontinuedOperations": 0,
    "otherAdjustmentsToNetIncome": 1325000000,
    "netIncome": 702000000,
    "netIncomeDeductions": 674000000,
    "bottomLineNetIncome": 208000000,
    "eps": 0.03,
    "epsDiluted": 0.02,
    "weightedAverageShsOut": 3737500000,
    "weightedAverageShsOutDil": 3737500000
  },
  {
    "date": "2008-09-30",
    "symbol": "JPM",
    "reportedCurrency": "USD",
    "cik": "0000019617",
    "filingDate": "2008-11-07",
    "acceptedDate": "2008-11-06 21:44:29",
    "fiscalYear": "2008",
    "period": "Q3",
    "revenue": 23069000000,
    "costOfRevenue": 14119000000,
    "grossProfit": 8950000000,
    "researchAndDevelopmentExpenses": 0,
    "generalAndAdministrativeExpenses": 6970000000,
    "sellingAndMarketingExpenses": 453000000,
    "sellingGeneralAndAdministrativeExpenses": 7423000000,
    "otherExpenses": 3714000000,
    "operatingExpenses": 11137000000,
    "costAndExpenses": 25256000000,
    "netInterestIncome": 8994000000,
    "interestIncome": 17326000000,
    "interestExpense": 8332000000,
    "depreciationAndAmortization": 1115000000,
    "ebitda": -1072000000,
    "ebit": -2187000000,
    "nonOperatingIncomeExcludingInterest": 0,
    "operatingIncome": -2187000000,
    "totalOtherIncomeExpensesNet": 0,
    "incomeBeforeTax": -2187000000,
    "incomeTaxExpense": -2133000000,
    "netIncomeFromContinuingOperations": -54000000,
    "netIncomeFromDiscontinuedOperations": 0,
    "otherAdjustmentsToNetIncome": 581000000,
    "netIncome": 527000000,
    "netIncomeDeductions": 0,
    "bottomLineNetIncome": 498000000,
    "eps": 0.1,
    "epsDiluted": 0.09,
    "weightedAverageShsOut": 3411100000,
    "weightedAverageShsOutDil": 3512900000
  },
  {
    "date": "2008-06-30",
    "symbol": "JPM",
    "reportedCurrency": "USD",
    "cik": "0000019617",
    "filingDate": "2008-08-11",
    "acceptedDate": "2008-08-11 16:31:20",
    "fiscalYear": "2008",
    "period": "Q2",
    "revenue": 26634000000,
    "costOfRevenue": 11690000000,
    "grossProfit": 14944000000,
    "researchAndDevelopmentExpenses": 0,
    "generalAndAdministrativeExpenses": 7941000000,
    "sellingAndMarketingExpenses": 413000000,
    "sellingGeneralAndAdministrativeExpenses": 8354000000,
    "otherExpenses": 3823000000,
    "operatingExpenses": 12177000000,
    "costAndExpenses": 23867000000,
    "netInterestIncome": 8294000000,
    "interestIncome": 16529000000,
    "interestExpense": 8235000000,
    "depreciationAndAmortization": 1212000000,
    "ebitda": 3979000000,
    "ebit": 2767000000,
    "nonOperatingIncomeExcludingInterest": 0,
    "operatingIncome": 2767000000,
    "totalOtherIncomeExpensesNet": 0,
    "incomeBeforeTax": 2767000000,
    "incomeTaxExpense": 764000000,
    "netIncomeFromContinuingOperations": 2003000000,
    "netIncomeFromDiscontinuedOperations": 0,
    "otherAdjustmentsToNetIncome": 0,
    "netIncome": 2003000000,
    "netIncomeDeductions": 0,
    "bottomLineNetIncome": 1843000000,
    "eps": 0.54,
    "epsDiluted": 0.53,
    "weightedAverageShsOut": 3426200000,
    "weightedAverageShsOutDil": 3453100000
  },
  {
    "date": "2008-03-31",
    "symbol": "JPM",
    "reportedCurrency": "USD",
    "cik": "0000019617",
    "filingDate": "2008-05-12",
    "acceptedDate": "2008-05-12 16:44:31",
    "fiscalYear": "2008",
    "period": "Q1",
    "revenue": 26763000000,
    "costOfRevenue": 14297000000,
    "grossProfit": 12466000000,
    "researchAndDevelopmentExpenses": 0,
    "generalAndAdministrativeExpenses": 4951000000,
    "sellingAndMarketingExpenses": 546000000,
    "sellingGeneralAndAdministrativeExpenses": 5497000000,
    "otherExpenses": 3434000000,
    "operatingExpenses": 8931000000,
    "costAndExpenses": 23228000000,
    "netInterestIncome": 7659000000,
    "interestIncome": 17532000000,
    "interestExpense": 9873000000,
    "depreciationAndAmortization": 923000000,
    "ebitda": 4458000000,
    "ebit": 3535000000,
    "nonOperatingIncomeExcludingInterest": 0,
    "operatingIncome": 3535000000,
    "totalOtherIncomeExpensesNet": 0,
    "incomeBeforeTax": 3535000000,
    "incomeTaxExpense": 1162000000,
    "netIncomeFromContinuingOperations": 2373000000,
    "netIncomeFromDiscontinuedOperations": 0,
    "otherAdjustmentsToNetIncome": 0,
    "netIncome": 2373000000,
    "netIncomeDeductions": 0,
    "bottomLineNetIncome": 2373000000,
    "eps": 0.7,
    "epsDiluted": 0.68,
    "weightedAverageShsOut": 3396000000,
    "weightedAverageShsOutDil": 3494700000
  },
  {
    "date": "2007-12-31",
    "symbol": "JPM",
    "reportedCurrency": "USD",
    "cik": "0000019617",
    "filingDate": "2008-02-29",
    "acceptedDate": "2008-02-29 15:24:16",
    "fiscalYear": "2007",
    "period": "Q4",
    "revenue": 28780000000,
    "costOfRevenue": 13938000000,
    "grossProfit": 14842000000,
    "researchAndDevelopmentExpenses": 0,
    "generalAndAdministrativeExpenses": 5469000000,
    "sellingAndMarketingExpenses": 570000000,
    "sellingGeneralAndAdministrativeExpenses": 6039000000,
    "otherExpenses": 4681000000,
    "operatingExpenses": 10720000000,
    "costAndExpenses": 24658000000,
    "netInterestIncome": 6647000000,
    "interestIncome": 18043000000,
    "interestExpense": 11396000000,
    "depreciationAndAmortization": 1061000000,
    "ebitda": 5183000000,
    "ebit": 4122000000,
    "nonOperatingIncomeExcludingInterest": 0,
    "operatingIncome": 4122000000,
    "totalOtherIncomeExpensesNet": 0,
    "incomeBeforeTax": 4122000000,
    "incomeTaxExpense": 1151000000,
    "netIncomeFromContinuingOperations": 2971000000,
    "netIncomeFromDiscontinuedOperations": 0,
    "otherAdjustmentsToNetIncome": 0,
    "netIncome": 2971000000,
    "netIncomeDeductions": 0,
    "bottomLineNetIncome": 2971000000,
    "eps": 0.87,
    "epsDiluted": 0.87,
    "weightedAverageShsOut": 3367000000,
    "weightedAverageShsOutDil": 3396000000
  },
  {
    "date": "2007-09-30",
    "symbol": "JPM",
    "reportedCurrency": "USD",
    "cik": "0000019617",
    "filingDate": "2007-11-09",
    "acceptedDate": "2007-11-09 14:20:08",
    "fiscalYear": "2007",
    "period": "Q3",
    "revenue": 28005000000,
    "costOfRevenue": 13678000000,
    "grossProfit": 14327000000,
    "researchAndDevelopmentExpenses": 0,
    "generalAndAdministrativeExpenses": 4677000000,
    "sellingAndMarketingExpenses": 561000000,
    "sellingGeneralAndAdministrativeExpenses": 5238000000,
    "otherExpenses": 4089000000,
    "operatingExpenses": 9327000000,
    "costAndExpenses": 23005000000,
    "netInterestIncome": 6913000000,
    "interestIncome": 18806000000,
    "interestExpense": 11893000000,
    "depreciationAndAmortization": 957000000,
    "ebitda": 5957000000,
    "ebit": 5000000000,
    "nonOperatingIncomeExcludingInterest": 0,
    "operatingIncome": 5000000000,
    "totalOtherIncomeExpensesNet": 0,
    "incomeBeforeTax": 5000000000,
    "incomeTaxExpense": 1627000000,
    "netIncomeFromContinuingOperations": 3373000000,
    "netIncomeFromDiscontinuedOperations": 0,
    "otherAdjustmentsToNetIncome": 0,
    "netIncome": 3373000000,
    "netIncomeDeductions": 0,
    "bottomLineNetIncome": 3373000000,
    "eps": 1,
    "epsDiluted": 0.97,
    "weightedAverageShsOut": 3375900000,
    "weightedAverageShsOutDil": 3477700000
  },
  {
    "date": "2007-06-30",
    "symbol": "JPM",
    "reportedCurrency": "USD",
    "cik": "0000019617",
    "filingDate": "2007-08-09",
    "acceptedDate": "2007-08-08 20:42:17",
    "fiscalYear": "2007",
    "period": "Q2",
    "revenue": 30082000000,
    "costOfRevenue": 12703000000,
    "grossProfit": 17379000000,
    "researchAndDevelopmentExpenses": 0,
    "generalAndAdministrativeExpenses": 6309000000,
    "sellingAndMarketingExpenses": 457000000,
    "sellingGeneralAndAdministrativeExpenses": 6766000000,
    "otherExpenses": 4262000000,
    "operatingExpenses": 11028000000,
    "costAndExpenses": 23731000000,
    "netInterestIncome": 6168000000,
    "interestIncome": 17342000000,
    "interestExpense": 11174000000,
    "depreciationAndAmortization": 927000000,
    "ebitda": 7278000000,
    "ebit": 6351000000,
    "nonOperatingIncomeExcludingInterest": 0,
    "operatingIncome": 6351000000,
    "totalOtherIncomeExpensesNet": 0,
    "incomeBeforeTax": 6351000000,
    "incomeTaxExpense": 2117000000,
    "netIncomeFromContinuingOperations": 4234000000,
    "netIncomeFromDiscontinuedOperations": 0,
    "otherAdjustmentsToNetIncome": 0,
    "netIncome": 4234000000,
    "netIncomeDeductions": 0,
    "bottomLineNetIncome": 4234000000,
    "eps": 1.24,
    "epsDiluted": 1.2,
    "weightedAverageShsOut": 3415100000,
    "weightedAverageShsOutDil": 3521600000
  },
  {
    "date": "2007-03-31",
    "symbol": "JPM",
    "reportedCurrency": "USD",
    "cik": "0000019617",
    "filingDate": "2007-05-10",
    "acceptedDate": "2007-05-10 14:49:06",
    "fiscalYear": "2007",
    "period": "Q1",
    "revenue": 29486000000,
    "costOfRevenue": 11526000000,
    "grossProfit": 17960000000,
    "researchAndDevelopmentExpenses": 0,
    "generalAndAdministrativeExpenses": 6234000000,
    "sellingAndMarketingExpenses": 482000000,
    "sellingGeneralAndAdministrativeExpenses": 6716000000,
    "otherExpenses": 3912000000,
    "operatingExpenses": 10628000000,
    "costAndExpenses": 22154000000,
    "netInterestIncome": 6118000000,
    "interestIncome": 16636000000,
    "interestExpense": 10518000000,
    "depreciationAndAmortization": 876000000,
    "ebitda": 8208000000,
    "ebit": 7332000000,
    "nonOperatingIncomeExcludingInterest": 0,
    "operatingIncome": 7332000000,
    "totalOtherIncomeExpensesNet": 0,
    "incomeBeforeTax": 7332000000,
    "incomeTaxExpense": 2545000000,
    "netIncomeFromContinuingOperations": 4787000000,
    "netIncomeFromDiscontinuedOperations": 0,
    "otherAdjustmentsToNetIncome": 0,
    "netIncome": 4787000000,
    "netIncomeDeductions": 0,
    "bottomLineNetIncome": 4787000000,
    "eps": 1.38,
    "epsDiluted": 1.34,
    "weightedAverageShsOut": 3456400000,
    "weightedAverageShsOutDil": 3559500000
  },
  {
    "date": "2006-12-31",
    "symbol": "JPM",
    "reportedCurrency": "USD",
    "cik": "0000019617",
    "filingDate": "2007-03-01",
    "acceptedDate": "2007-03-01 14:41:44",
    "fiscalYear": "2006",
    "period": "Q4",
    "revenue": 27055000000,
    "costOfRevenue": 12135000000,
    "grossProfit": 14920000000,
    "researchAndDevelopmentExpenses": 0,
    "generalAndAdministrativeExpenses": 4985000000,
    "sellingAndMarketingExpenses": 614000000,
    "sellingGeneralAndAdministrativeExpenses": 5599000000,
    "otherExpenses": 4147000000,
    "operatingExpenses": 9746000000,
    "costAndExpenses": 21881000000,
    "netInterestIncome": 5692000000,
    "interestIncome": 16693000000,
    "interestExpense": 11001000000,
    "depreciationAndAmortization": 997000000,
    "ebitda": 6171000000,
    "ebit": 5174000000,
    "nonOperatingIncomeExcludingInterest": 0,
    "operatingIncome": 5174000000,
    "totalOtherIncomeExpensesNet": 0,
    "incomeBeforeTax": 5174000000,
    "incomeTaxExpense": 1268000000,
    "netIncomeFromContinuingOperations": 3906000000,
    "netIncomeFromDiscontinuedOperations": 620000000,
    "otherAdjustmentsToNetIncome": 0,
    "netIncome": 4526000000,
    "netIncomeDeductions": -4000000,
    "bottomLineNetIncome": 4530000000,
    "eps": 1.31,
    "epsDiluted": 1.31,
    "weightedAverageShsOut": 3456400000,
    "weightedAverageShsOutDil": 3456400000
  },
  {
    "date": "2006-09-30",
    "symbol": "JPM",
    "reportedCurrency": "USD",
    "cik": "0000019617",
    "filingDate": "2006-11-08",
    "acceptedDate": "2006-11-08 16:48:18",
    "fiscalYear": "2006",
    "period": "Q3",
    "revenue": 25323000000,
    "costOfRevenue": 10590000000,
    "grossProfit": 14733000000,
    "researchAndDevelopmentExpenses": 0,
    "generalAndAdministrativeExpenses": 5390000000,
    "sellingAndMarketingExpenses": 550000000,
    "sellingGeneralAndAdministrativeExpenses": 5940000000,
    "otherExpenses": 3856000000,
    "operatingExpenses": 9796000000,
    "costAndExpenses": 20386000000,
    "netInterestIncome": 5379000000,
    "interestIncome": 15157000000,
    "interestExpense": 9778000000,
    "depreciationAndAmortization": 860000000,
    "ebitda": 5797000000,
    "ebit": 4937000000,
    "nonOperatingIncomeExcludingInterest": 0,
    "operatingIncome": 4937000000,
    "totalOtherIncomeExpensesNet": 0,
    "incomeBeforeTax": 4937000000,
    "incomeTaxExpense": 1705000000,
    "netIncomeFromContinuingOperations": 3232000000,
    "netIncomeFromDiscontinuedOperations": 65000000,
    "otherAdjustmentsToNetIncome": 0,
    "netIncome": 3297000000,
    "netIncomeDeductions": 0,
    "bottomLineNetIncome": 3297000000,
    "eps": 0.95,
    "epsDiluted": 0.92,
    "weightedAverageShsOut": 3468600000,
    "weightedAverageShsOutDil": 3574000000
  },
  {
    "date": "2006-06-30",
    "symbol": "JPM",
    "reportedCurrency": "USD",
    "cik": "0000019617",
    "filingDate": "2006-08-09",
    "acceptedDate": "2006-08-09 14:31:54",
    "fiscalYear": "2006",
    "period": "Q2",
    "revenue": 24379000000,
    "costOfRevenue": 9932000000,
    "grossProfit": 14447000000,
    "researchAndDevelopmentExpenses": 0,
    "generalAndAdministrativeExpenses": 5268000000,
    "sellingAndMarketingExpenses": 526000000,
    "sellingGeneralAndAdministrativeExpenses": 5794000000,
    "otherExpenses": 3442000000,
    "operatingExpenses": 9236000000,
    "costAndExpenses": 19168000000,
    "netInterestIncome": 5178000000,
    "interestIncome": 14617000000,
    "interestExpense": 9439000000,
    "depreciationAndAmortization": 883000000,
    "ebitda": 6094000000,
    "ebit": 5211000000,
    "nonOperatingIncomeExcludingInterest": 0,
    "operatingIncome": 5211000000,
    "totalOtherIncomeExpensesNet": 0,
    "incomeBeforeTax": 5211000000,
    "incomeTaxExpense": 1727000000,
    "netIncomeFromContinuingOperations": 3484000000,
    "netIncomeFromDiscontinuedOperations": 56000000,
    "otherAdjustmentsToNetIncome": 0,
    "netIncome": 3540000000,
    "netIncomeDeductions": 0,
    "bottomLineNetIncome": 3540000000,
    "eps": 1.02,
    "epsDiluted": 0.99,
    "weightedAverageShsOut": 3473800000,
    "weightedAverageShsOutDil": 3572200000
  },
  {
    "date": "2006-03-31",
    "symbol": "JPM",
    "reportedCurrency": "USD",
    "cik": "0000019617",
    "filingDate": "2006-05-08",
    "acceptedDate": "2006-05-08 17:18:20",
    "fiscalYear": "2006",
    "period": "Q1",
    "revenue": 23477000000,
    "costOfRevenue": 9072000000,
    "grossProfit": 14405000000,
    "researchAndDevelopmentExpenses": 0,
    "generalAndAdministrativeExpenses": 5600000000,
    "sellingAndMarketingExpenses": 519000000,
    "sellingGeneralAndAdministrativeExpenses": 6119000000,
    "otherExpenses": 3633000000,
    "operatingExpenses": 9752000000,
    "costAndExpenses": 18824000000,
    "netInterestIncome": 5060000000,
    "interestIncome": 13301000000,
    "interestExpense": 8241000000,
    "depreciationAndAmortization": 837000000,
    "ebitda": 5490000000,
    "ebit": 4653000000,
    "nonOperatingIncomeExcludingInterest": 0,
    "operatingIncome": 4653000000,
    "totalOtherIncomeExpensesNet": 0,
    "incomeBeforeTax": 4653000000,
    "incomeTaxExpense": 1572000000,
    "netIncomeFromContinuingOperations": 3081000000,
    "netIncomeFromDiscontinuedOperations": 0,
    "otherAdjustmentsToNetIncome": 0,
    "netIncome": 3081000000,
    "netIncomeDeductions": 0,
    "bottomLineNetIncome": 3077000000,
    "eps": 0.89,
    "epsDiluted": 0.86,
    "weightedAverageShsOut": 3472700000,
    "weightedAverageShsOutDil": 3570800000
  },
  {
    "date": "2005-12-31",
    "symbol": "JPM",
    "reportedCurrency": "USD",
    "cik": "0000019617",
    "filingDate": "2006-03-09",
    "acceptedDate": "2006-03-09 17:01:17",
    "fiscalYear": "2005",
    "period": "Q4",
    "revenue": 21109000000,
    "costOfRevenue": 8655000000,
    "grossProfit": 12454000000,
    "researchAndDevelopmentExpenses": 0,
    "generalAndAdministrativeExpenses": 4286000000,
    "sellingAndMarketingExpenses": 2692000000,
    "sellingGeneralAndAdministrativeExpenses": 6978000000,
    "otherExpenses": 1557000000,
    "operatingExpenses": 8535000000,
    "costAndExpenses": 17190000000,
    "netInterestIncome": 4753000000,
    "interestIncome": 12184000000,
    "interestExpense": 7431000000,
    "depreciationAndAmortization": 1063000000,
    "ebitda": 4982000000,
    "ebit": 3919000000,
    "nonOperatingIncomeExcludingInterest": 0,
    "operatingIncome": 3919000000,
    "totalOtherIncomeExpensesNet": 0,
    "incomeBeforeTax": 3919000000,
    "incomeTaxExpense": 1221000000,
    "netIncomeFromContinuingOperations": 2698000000,
    "netIncomeFromDiscontinuedOperations": 0,
    "otherAdjustmentsToNetIncome": 0,
    "netIncome": 2698000000,
    "netIncomeDeductions": 0,
    "bottomLineNetIncome": 2696000000,
    "eps": 0.78,
    "epsDiluted": 0.78,
    "weightedAverageShsOut": 3472700000,
    "weightedAverageShsOutDil": 3472700000
  },
  {
    "date": "2005-09-30",
    "symbol": "JPM",
    "reportedCurrency": "USD",
    "cik": "0000019617",
    "filingDate": "2005-11-09",
    "acceptedDate": "2005-11-08 20:32:04",
    "fiscalYear": "2005",
    "period": "Q3",
    "revenue": 20772000000,
    "costOfRevenue": 7752000000,
    "grossProfit": 13020000000,
    "researchAndDevelopmentExpenses": 0,
    "generalAndAdministrativeExpenses": 4954000000,
    "sellingAndMarketingExpenses": 512000000,
    "sellingGeneralAndAdministrativeExpenses": 5466000000,
    "otherExpenses": 3893000000,
    "operatingExpenses": 9359000000,
    "costAndExpenses": 17111000000,
    "netInterestIncome": 4783000000,
    "interestIncome": 11290000000,
    "interestExpense": 6507000000,
    "depreciationAndAmortization": 1034000000,
    "ebitda": 4695000000,
    "ebit": 3661000000,
    "nonOperatingIncomeExcludingInterest": 0,
    "operatingIncome": 3661000000,
    "totalOtherIncomeExpensesNet": 0,
    "incomeBeforeTax": 3661000000,
    "incomeTaxExpense": 1192000000,
    "netIncomeFromContinuingOperations": 2469000000,
    "netIncomeFromDiscontinuedOperations": 58000000,
    "otherAdjustmentsToNetIncome": 0,
    "netIncome": 2527000000,
    "netIncomeDeductions": 0,
    "bottomLineNetIncome": 2527000000,
    "eps": 0.73,
    "epsDiluted": 0.71,
    "weightedAverageShsOut": 3485000000,
    "weightedAverageShsOutDil": 3547700000
  },
  {
    "date": "2005-06-30",
    "symbol": "JPM",
    "reportedCurrency": "USD",
    "cik": "0000019617",
    "filingDate": "2005-08-08",
    "acceptedDate": "2005-08-08 15:23:21",
    "fiscalYear": "2005",
    "period": "Q2",
    "revenue": 18432000000,
    "costOfRevenue": 6471000000,
    "grossProfit": 11961000000,
    "researchAndDevelopmentExpenses": 0,
    "generalAndAdministrativeExpenses": 4220000000,
    "sellingAndMarketingExpenses": 537000000,
    "sellingGeneralAndAdministrativeExpenses": 4757000000,
    "otherExpenses": 6041000000,
    "operatingExpenses": 10798000000,
    "costAndExpenses": 17269000000,
    "netInterestIncome": 4932000000,
    "interestIncome": 10816000000,
    "interestExpense": 5884000000,
    "depreciationAndAmortization": 1056000000,
    "ebitda": 2219000000,
    "ebit": 1163000000,
    "nonOperatingIncomeExcludingInterest": 0,
    "operatingIncome": 1163000000,
    "totalOtherIncomeExpensesNet": 0,
    "incomeBeforeTax": 1163000000,
    "incomeTaxExpense": 226000000,
    "netIncomeFromContinuingOperations": 937000000,
    "netIncomeFromDiscontinuedOperations": 57000000,
    "otherAdjustmentsToNetIncome": 0,
    "netIncome": 994000000,
    "netIncomeDeductions": 0,
    "bottomLineNetIncome": 991000000,
    "eps": 0.28,
    "epsDiluted": 0.28,
    "weightedAverageShsOut": 3493000000,
    "weightedAverageShsOutDil": 3548300000
  },
  {
    "date": "2005-03-31",
    "symbol": "JPM",
    "reportedCurrency": "USD",
    "cik": "0000019617",
    "filingDate": "2005-05-05",
    "acceptedDate": "2005-05-05 17:05:12",
    "fiscalYear": "2005",
    "period": "Q1",
    "revenue": 19054000000,
    "costOfRevenue": 5834000000,
    "grossProfit": 13220000000,
    "researchAndDevelopmentExpenses": 0,
    "generalAndAdministrativeExpenses": 4702000000,
    "sellingAndMarketingExpenses": 483000000,
    "sellingGeneralAndAdministrativeExpenses": 5185000000,
    "otherExpenses": 4752000000,
    "operatingExpenses": 9937000000,
    "costAndExpenses": 15771000000,
    "netInterestIncome": 5225000000,
    "interestIncome": 10632000000,
    "interestExpense": 5407000000,
    "depreciationAndAmortization": 1165000000,
    "ebitda": 4448000000,
    "ebit": 3283000000,
    "nonOperatingIncomeExcludingInterest": 0,
    "operatingIncome": 3283000000,
    "totalOtherIncomeExpensesNet": 0,
    "incomeBeforeTax": 3283000000,
    "incomeTaxExpense": 1019000000,
    "netIncomeFromContinuingOperations": 2264000000,
    "netIncomeFromDiscontinuedOperations": 0,
    "otherAdjustmentsToNetIncome": 0,
    "netIncome": 2264000000,
    "netIncomeDeductions": 0,
    "bottomLineNetIncome": 2259000000,
    "eps": 0.64,
    "epsDiluted": 0.63,
    "weightedAverageShsOut": 3517500000,
    "weightedAverageShsOutDil": 3569800000
  },
  {
    "date": "2004-12-31",
    "symbol": "JPM",
    "reportedCurrency": "USD",
    "cik": "0000019617",
    "filingDate": "2005-03-02",
    "acceptedDate": "2005-03-02 16:42:32",
    "fiscalYear": "2004",
    "period": "Q4",
    "revenue": 17483000000,
    "costOfRevenue": 5690000000,
    "grossProfit": 11793000000,
    "researchAndDevelopmentExpenses": 0,
    "generalAndAdministrativeExpenses": 4211000000,
    "sellingAndMarketingExpenses": 428000000,
    "sellingGeneralAndAdministrativeExpenses": 4639000000,
    "otherExpenses": 4747000000,
    "operatingExpenses": 9386000000,
    "costAndExpenses": 15076000000,
    "netInterestIncome": 5329000000,
    "interestIncome": 9862000000,
    "interestExpense": 4533000000,
    "depreciationAndAmortization": 1231000000,
    "ebitda": 3638000000,
    "ebit": 2407000000,
    "nonOperatingIncomeExcludingInterest": 0,
    "operatingIncome": 2407000000,
    "totalOtherIncomeExpensesNet": 0,
    "incomeBeforeTax": 2407000000,
    "incomeTaxExpense": 741000000,
    "netIncomeFromContinuingOperations": 1666000000,
    "netIncomeFromDiscontinuedOperations": 0,
    "otherAdjustmentsToNetIncome": 0,
    "netIncome": 1666000000,
    "netIncomeDeductions": 0,
    "bottomLineNetIncome": 1653000000,
    "eps": 0.47,
    "epsDiluted": 0.47,
    "weightedAverageShsOut": 3517500000,
    "weightedAverageShsOutDil": 3517500000
  },
  {
    "date": "2004-09-30",
    "symbol": "JPM",
    "reportedCurrency": "USD",
    "cik": "0000019617",
    "filingDate": "2004-11-09",
    "acceptedDate": "2004-11-09 16:31:02",
    "fiscalYear": "2004",
    "period": "Q3",
    "revenue": 16546000000,
    "costOfRevenue": 5210000000,
    "grossProfit": 11336000000,
    "researchAndDevelopmentExpenses": 0,
    "generalAndAdministrativeExpenses": 4050000000,
    "sellingAndMarketingExpenses": 506000000,
    "sellingGeneralAndAdministrativeExpenses": 4556000000,
    "otherExpenses": 4821000000,
    "operatingExpenses": 9377000000,
    "costAndExpenses": 14587000000,
    "netInterestIncome": 5452000000,
    "interestIncome": 9493000000,
    "interestExpense": 4041000000,
    "depreciationAndAmortization": 1171000000,
    "ebitda": 3130000000,
    "ebit": 1959000000,
    "nonOperatingIncomeExcludingInterest": 0,
    "operatingIncome": 1959000000,
    "totalOtherIncomeExpensesNet": 0,
    "incomeBeforeTax": 1959000000,
    "incomeTaxExpense": 541000000,
    "netIncomeFromContinuingOperations": 1418000000,
    "netIncomeFromDiscontinuedOperations": 0,
    "otherAdjustmentsToNetIncome": 0,
    "netIncome": 1418000000,
    "netIncomeDeductions": 0,
    "bottomLineNetIncome": 1405000000,
    "eps": 0.4,
    "epsDiluted": 0.39,
    "weightedAverageShsOut": 3513500000,
    "weightedAverageShsOutDil": 3592000000
  },
  {
    "date": "2004-06-30",
    "symbol": "JPM",
    "reportedCurrency": "USD",
    "cik": "0000019617",
    "filingDate": "2004-08-09",
    "acceptedDate": "2004-08-09 16:59:45",
    "fiscalYear": "2004",
    "period": "Q2",
    "revenue": 11251000000,
    "costOfRevenue": 2823000000,
    "grossProfit": 8428000000,
    "researchAndDevelopmentExpenses": 0,
    "generalAndAdministrativeExpenses": 2943000000,
    "sellingAndMarketingExpenses": 202000000,
    "sellingGeneralAndAdministrativeExpenses": 3145000000,
    "otherExpenses": 6358000000,
    "operatingExpenses": 9503000000,
    "costAndExpenses": 12326000000,
    "netInterestIncome": 2994000000,
    "interestIncome": 5614000000,
    "interestExpense": 2620000000,
    "depreciationAndAmortization": 671000000,
    "ebitda": -404000000,
    "ebit": -1075000000,
    "nonOperatingIncomeExcludingInterest": 0,
    "operatingIncome": -1075000000,
    "totalOtherIncomeExpensesNet": 0,
    "incomeBeforeTax": -1075000000,
    "incomeTaxExpense": -527000000,
    "netIncomeFromContinuingOperations": -548000000,
    "netIncomeFromDiscontinuedOperations": 0,
    "otherAdjustmentsToNetIncome": 0,
    "netIncome": -548000000,
    "netIncomeDeductions": 0,
    "bottomLineNetIncome": -561000000,
    "eps": -0.27,
    "epsDiluted": -0.27,
    "weightedAverageShsOut": 2042800000,
    "weightedAverageShsOutDil": 2043000000
  },
  {
    "date": "2004-03-31",
    "symbol": "JPM",
    "reportedCurrency": "USD",
    "cik": "0000019617",
    "filingDate": "2004-05-10",
    "acceptedDate": "2004-05-10 16:34:43",
    "fiscalYear": "2004",
    "period": "Q1",
    "revenue": 11625000000,
    "costOfRevenue": 2663000000,
    "grossProfit": 8962000000,
    "researchAndDevelopmentExpenses": 0,
    "generalAndAdministrativeExpenses": 3370000000,
    "sellingAndMarketingExpenses": 199000000,
    "sellingGeneralAndAdministrativeExpenses": 3569000000,
    "otherExpenses": 2490000000,
    "operatingExpenses": 6059000000,
    "costAndExpenses": 8722000000,
    "netInterestIncome": 2830000000,
    "interestIncome": 5478000000,
    "interestExpense": 2648000000,
    "depreciationAndAmortization": 762000000,
    "ebitda": 3665000000,
    "ebit": 2903000000,
    "nonOperatingIncomeExcludingInterest": 0,
    "operatingIncome": 2903000000,
    "totalOtherIncomeExpensesNet": 0,
    "incomeBeforeTax": 2903000000,
    "incomeTaxExpense": 973000000,
    "netIncomeFromContinuingOperations": 1930000000,
    "netIncomeFromDiscontinuedOperations": 0,
    "otherAdjustmentsToNetIncome": 0,
    "netIncome": 1930000000,
    "netIncomeDeductions": 0,
    "bottomLineNetIncome": 1917000000,
    "eps": 0.94,
    "epsDiluted": 0.92,
    "weightedAverageShsOut": 2032000000,
    "weightedAverageShsOutDil": 2093000000
  },
  {
    "date": "2003-12-31",
    "symbol": "JPM",
    "reportedCurrency": "USD",
    "cik": "0000019617",
    "filingDate": "2004-02-18",
    "acceptedDate": "2004-02-18 16:17:06",
    "fiscalYear": "2003",
    "period": "Q4",
    "revenue": 10671000000,
    "costOfRevenue": 2742000000,
    "grossProfit": 7929000000,
    "researchAndDevelopmentExpenses": 0,
    "generalAndAdministrativeExpenses": 2577000000,
    "sellingAndMarketingExpenses": 200000000,
    "sellingGeneralAndAdministrativeExpenses": 2777000000,
    "otherExpenses": 2443000000,
    "operatingExpenses": 5220000000,
    "costAndExpenses": 7962000000,
    "netInterestIncome": 3011000000,
    "interestIncome": 5614000000,
    "interestExpense": 2603000000,
    "depreciationAndAmortization": 761000000,
    "ebitda": 3470000000,
    "ebit": 2709000000,
    "nonOperatingIncomeExcludingInterest": 0,
    "operatingIncome": 2709000000,
    "totalOtherIncomeExpensesNet": 0,
    "incomeBeforeTax": 2709000000,
    "incomeTaxExpense": 845000000,
    "netIncomeFromContinuingOperations": 1864000000,
    "netIncomeFromDiscontinuedOperations": 0,
    "otherAdjustmentsToNetIncome": 0,
    "netIncome": 1864000000,
    "netIncomeDeductions": 0,
    "bottomLineNetIncome": 1851000000,
    "eps": 0.92,
    "epsDiluted": 0.92,
    "weightedAverageShsOut": 2018000000,
    "weightedAverageShsOutDil": 2032000000
  },
  {
    "date": "2003-09-30",
    "symbol": "JPM",
    "reportedCurrency": "USD",
    "cik": "0000019617",
    "filingDate": "2003-11-12",
    "acceptedDate": "2003-11-12 17:09:48",
    "fiscalYear": "2003",
    "period": "Q3",
    "revenue": 10396000000,
    "costOfRevenue": 2871000000,
    "grossProfit": 7525000000,
    "researchAndDevelopmentExpenses": 0,
    "generalAndAdministrativeExpenses": 2713000000,
    "sellingAndMarketingExpenses": 179000000,
    "sellingGeneralAndAdministrativeExpenses": 2892000000,
    "otherExpenses": 2203000000,
    "operatingExpenses": 5095000000,
    "costAndExpenses": 7966000000,
    "netInterestIncome": 3048000000,
    "interestIncome": 5696000000,
    "interestExpense": 2648000000,
    "depreciationAndAmortization": 190000000,
    "ebitda": 2620000000,
    "ebit": 2430000000,
    "nonOperatingIncomeExcludingInterest": 0,
    "operatingIncome": 2430000000,
    "totalOtherIncomeExpensesNet": 0,
    "incomeBeforeTax": 2430000000,
    "incomeTaxExpense": 802000000,
    "netIncomeFromContinuingOperations": 1628000000,
    "netIncomeFromDiscontinuedOperations": 0,
    "otherAdjustmentsToNetIncome": 0,
    "netIncome": 1628000000,
    "netIncomeDeductions": 0,
    "bottomLineNetIncome": 1615000000,
    "eps": 0.8,
    "epsDiluted": 0.78,
    "weightedAverageShsOut": 2012000000,
    "weightedAverageShsOutDil": 2068000000
  },
  {
    "date": "2003-06-30",
    "symbol": "JPM",
    "reportedCurrency": "USD",
    "cik": "0000019617",
    "filingDate": "2003-08-12",
    "acceptedDate": "2003-08-12 17:30:06",
    "fiscalYear": "2003",
    "period": "Q2",
    "revenue": 11842000000,
    "costOfRevenue": 3243000000,
    "grossProfit": 8599000000,
    "researchAndDevelopmentExpenses": 0,
    "generalAndAdministrativeExpenses": 3231000000,
    "sellingAndMarketingExpenses": 167000000,
    "sellingGeneralAndAdministrativeExpenses": 3398000000,
    "otherExpenses": 2434000000,
    "operatingExpenses": 5832000000,
    "costAndExpenses": 9075000000,
    "netInterestIncome": 3063000000,
    "interestIncome": 5871000000,
    "interestExpense": 2808000000,
    "depreciationAndAmortization": 1090000000,
    "ebitda": 3857000000,
    "ebit": 2767000000,
    "nonOperatingIncomeExcludingInterest": 0,
    "operatingIncome": 2767000000,
    "totalOtherIncomeExpensesNet": 0,
    "incomeBeforeTax": 2767000000,
    "incomeTaxExpense": 940000000,
    "netIncomeFromContinuingOperations": 1827000000,
    "netIncomeFromDiscontinuedOperations": 0,
    "otherAdjustmentsToNetIncome": 0,
    "netIncome": 1827000000,
    "netIncomeDeductions": 0,
    "bottomLineNetIncome": 1815000000,
    "eps": 0.9,
    "epsDiluted": 0.89,
    "weightedAverageShsOut": 2006000000,
    "weightedAverageShsOutDil": 2051000000
  },
  {
    "date": "2003-03-31",
    "symbol": "JPM",
    "reportedCurrency": "USD",
    "cik": "0000019617",
    "filingDate": "2003-05-14",
    "acceptedDate": "2003-05-14 11:15:59",
    "fiscalYear": "2003",
    "period": "Q1",
    "revenue": 11454000000,
    "costOfRevenue": 3791000000,
    "grossProfit": 7663000000,
    "researchAndDevelopmentExpenses": 0,
    "generalAndAdministrativeExpenses": 3174000000,
    "sellingAndMarketingExpenses": 164000000,
    "sellingGeneralAndAdministrativeExpenses": 3338000000,
    "otherExpenses": 2203000000,
    "operatingExpenses": 5541000000,
    "costAndExpenses": 9332000000,
    "netInterestIncome": 3215000000,
    "interestIncome": 6263000000,
    "interestExpense": 3048000000,
    "depreciationAndAmortization": 1060000000,
    "ebitda": 3182000000,
    "ebit": 2122000000,
    "nonOperatingIncomeExcludingInterest": 0,
    "operatingIncome": 2122000000,
    "totalOtherIncomeExpensesNet": 0,
    "incomeBeforeTax": 2122000000,
    "incomeTaxExpense": 722000000,
    "netIncomeFromContinuingOperations": 1400000000,
    "netIncomeFromDiscontinuedOperations": 0,
    "otherAdjustmentsToNetIncome": 0,
    "netIncome": 1400000000,
    "netIncomeDeductions": 0,
    "bottomLineNetIncome": 1387000000,
    "eps": 0.69,
    "epsDiluted": 0.69,
    "weightedAverageShsOut": 2000000000,
    "weightedAverageShsOutDil": 2022000000
  },
  {
    "date": "2002-12-31",
    "symbol": "JPM",
    "reportedCurrency": "USD",
    "cik": "0000019617",
    "filingDate": "2003-03-19",
    "acceptedDate": "2003-03-19 15:16:01",
    "fiscalYear": "2002",
    "period": "Q4",
    "revenue": 10698000000,
    "costOfRevenue": 4124000000,
    "grossProfit": 6574000000,
    "researchAndDevelopmentExpenses": 0,
    "generalAndAdministrativeExpenses": 3032000000,
    "sellingAndMarketingExpenses": 220000000,
    "sellingGeneralAndAdministrativeExpenses": 3252000000,
    "otherExpenses": 3909000000,
    "operatingExpenses": 7161000000,
    "costAndExpenses": 11285000000,
    "netInterestIncome": 2981000000,
    "interestIncome": 6184000000,
    "interestExpense": 3203000000,
    "depreciationAndAmortization": 1438000000,
    "ebitda": 851000000,
    "ebit": -587000000,
    "nonOperatingIncomeExcludingInterest": 0,
    "operatingIncome": -587000000,
    "totalOtherIncomeExpensesNet": 0,
    "incomeBeforeTax": -587000000,
    "incomeTaxExpense": -200000000,
    "netIncomeFromContinuingOperations": -387000000,
    "netIncomeFromDiscontinuedOperations": 0,
    "otherAdjustmentsToNetIncome": 0,
    "netIncome": -387000000,
    "netIncomeDeductions": 0,
    "bottomLineNetIncome": -399000000,
    "eps": -0.2,
    "epsDiluted": -0.19,
    "weightedAverageShsOut": 2000000000,
    "weightedAverageShsOutDil": 2000000000
  },
  {
    "date": "2002-09-30",
    "symbol": "JPM",
    "reportedCurrency": "USD",
    "cik": "0000019617",
    "filingDate": "2002-11-14",
    "acceptedDate": "2002-11-14 15:13:16",
    "fiscalYear": "2002",
    "period": "Q3",
    "revenue": 10527000000,
    "costOfRevenue": 5416000000,
    "grossProfit": 5111000000,
    "researchAndDevelopmentExpenses": 0,
    "generalAndAdministrativeExpenses": 2367000000,
    "sellingAndMarketingExpenses": 179000000,
    "sellingGeneralAndAdministrativeExpenses": 2546000000,
    "otherExpenses": 2505000000,
    "operatingExpenses": 5051000000,
    "costAndExpenses": 10467000000,
    "netInterestIncome": 2736000000,
    "interestIncome": 6316000000,
    "interestExpense": 3580000000,
    "depreciationAndAmortization": 529000000,
    "ebitda": 589000000,
    "ebit": 60000000,
    "nonOperatingIncomeExcludingInterest": 0,
    "operatingIncome": 60000000,
    "totalOtherIncomeExpensesNet": 0,
    "incomeBeforeTax": 60000000,
    "incomeTaxExpense": 20000000,
    "netIncomeFromContinuingOperations": 40000000,
    "netIncomeFromDiscontinuedOperations": 0,
    "otherAdjustmentsToNetIncome": 0,
    "netIncome": 40000000,
    "netIncomeDeductions": 0,
    "bottomLineNetIncome": 27000000,
    "eps": 0.01,
    "epsDiluted": 0.01,
    "weightedAverageShsOut": 1986000000,
    "weightedAverageShsOutDil": 2006000000
  },
  {
    "date": "2002-06-30",
    "symbol": "JPM",
    "reportedCurrency": "USD",
    "cik": "0000019617",
    "filingDate": "2002-08-12",
    "acceptedDate": "2002-08-12 15:21:40",
    "fiscalYear": "2002",
    "period": "Q2",
    "revenue": 11190000000,
    "costOfRevenue": 4437000000,
    "grossProfit": 6753000000,
    "researchAndDevelopmentExpenses": 0,
    "generalAndAdministrativeExpenses": 2761000000,
    "sellingAndMarketingExpenses": 144000000,
    "sellingGeneralAndAdministrativeExpenses": 2905000000,
    "otherExpenses": 2289000000,
    "operatingExpenses": 5194000000,
    "costAndExpenses": 9631000000,
    "netInterestIncome": 2882000000,
    "interestIncome": 6498000000,
    "interestExpense": 3616000000,
    "depreciationAndAmortization": 828000000,
    "ebitda": 2387000000,
    "ebit": 1559000000,
    "nonOperatingIncomeExcludingInterest": 0,
    "operatingIncome": 1559000000,
    "totalOtherIncomeExpensesNet": 0,
    "incomeBeforeTax": 1559000000,
    "incomeTaxExpense": 531000000,
    "netIncomeFromContinuingOperations": 1028000000,
    "netIncomeFromDiscontinuedOperations": 0,
    "otherAdjustmentsToNetIncome": 0,
    "netIncome": 1028000000,
    "netIncomeDeductions": 0,
    "bottomLineNetIncome": 1015000000,
    "eps": 0.51,
    "epsDiluted": 0.5,
    "weightedAverageShsOut": 1982600000,
    "weightedAverageShsOutDil": 2016000000
  },
  {
    "date": "2002-03-31",
    "symbol": "JPM",
    "reportedCurrency": "USD",
    "cik": "0000019617",
    "filingDate": "2002-05-15",
    "acceptedDate": "2002-05-15 16:41:42",
    "fiscalYear": "2002",
    "period": "Q1",
    "revenue": 10957000000,
    "costOfRevenue": 4112000000,
    "grossProfit": 6845000000,
    "researchAndDevelopmentExpenses": 0,
    "generalAndAdministrativeExpenses": 2823000000,
    "sellingAndMarketingExpenses": 146000000,
    "sellingGeneralAndAdministrativeExpenses": 2969000000,
    "otherExpenses": 2389000000,
    "operatingExpenses": 5358000000,
    "costAndExpenses": 9470000000,
    "netInterestIncome": 2927000000,
    "interestIncome": 6286000000,
    "interestExpense": 3359000000,
    "depreciationAndAmortization": 631000000,
    "ebitda": 2118000000,
    "ebit": 1487000000,
    "nonOperatingIncomeExcludingInterest": 0,
    "operatingIncome": 1487000000,
    "totalOtherIncomeExpensesNet": 0,
    "incomeBeforeTax": 1487000000,
    "incomeTaxExpense": 505000000,
    "netIncomeFromContinuingOperations": 982000000,
    "netIncomeFromDiscontinuedOperations": 0,
    "otherAdjustmentsToNetIncome": 0,
    "netIncome": 982000000,
    "netIncomeDeductions": 0,
    "bottomLineNetIncome": 969000000,
    "eps": 0.49,
    "epsDiluted": 0.48,
    "weightedAverageShsOut": 1978200000,
    "weightedAverageShsOutDil": 2005800000
  },
  {
    "date": "2001-12-31",
    "symbol": "JPM",
    "reportedCurrency": "USD",
    "cik": "0000019617",
    "filingDate": "2002-03-22",
    "acceptedDate": "2002-03-22 00:00:00",
    "fiscalYear": "2001",
    "period": "Q4",
    "revenue": 10456000000,
    "costOfRevenue": 5347000000,
    "grossProfit": 5109000000,
    "researchAndDevelopmentExpenses": 0,
    "generalAndAdministrativeExpenses": 2652000000,
    "sellingAndMarketingExpenses": 179000000,
    "sellingGeneralAndAdministrativeExpenses": 2831000000,
    "otherExpenses": 2846000000,
    "operatingExpenses": 5677000000,
    "costAndExpenses": 11024000000,
    "netInterestIncome": 2944000000,
    "interestIncome": 6823000000,
    "interestExpense": 3879000000,
    "depreciationAndAmortization": 797000000,
    "ebitda": 229000000,
    "ebit": -568000000,
    "nonOperatingIncomeExcludingInterest": 0,
    "operatingIncome": -568000000,
    "totalOtherIncomeExpensesNet": 0,
    "incomeBeforeTax": -568000000,
    "incomeTaxExpense": -236000000,
    "netIncomeFromContinuingOperations": -332000000,
    "netIncomeFromDiscontinuedOperations": 0,
    "otherAdjustmentsToNetIncome": 0,
    "netIncome": -332000000,
    "netIncomeDeductions": 0,
    "bottomLineNetIncome": -345000000,
    "eps": -0.17,
    "epsDiluted": -0.17,
    "weightedAverageShsOut": 1969100000,
    "weightedAverageShsOutDil": 1978200000
  },
  {
    "date": "2001-09-30",
    "symbol": "JPM",
    "reportedCurrency": "USD",
    "cik": "0000019617",
    "filingDate": "2001-11-14",
    "acceptedDate": "2001-11-14 00:00:00",
    "fiscalYear": "2001",
    "period": "Q3",
    "revenue": 12399000000,
    "costOfRevenue": 5795000000,
    "grossProfit": 6604000000,
    "researchAndDevelopmentExpenses": 0,
    "generalAndAdministrativeExpenses": 2883000000,
    "sellingAndMarketingExpenses": 137000000,
    "sellingGeneralAndAdministrativeExpenses": 3020000000,
    "otherExpenses": 2915000000,
    "operatingExpenses": 5935000000,
    "costAndExpenses": 11730000000,
    "netInterestIncome": 2659000000,
    "interestIncome": 7709000000,
    "interestExpense": 5050000000,
    "depreciationAndAmortization": 713000000,
    "ebitda": 1382000000,
    "ebit": 669000000,
    "nonOperatingIncomeExcludingInterest": 0,
    "operatingIncome": 669000000,
    "totalOtherIncomeExpensesNet": 0,
    "incomeBeforeTax": 669000000,
    "incomeTaxExpense": 220000000,
    "netIncomeFromContinuingOperations": 449000000,
    "netIncomeFromDiscontinuedOperations": 0,
    "otherAdjustmentsToNetIncome": 0,
    "netIncome": 449000000,
    "netIncomeDeductions": 0,
    "bottomLineNetIncome": 436000000,
    "eps": 0.22,
    "epsDiluted": 0.22,
    "weightedAverageShsOut": 1975300000,
    "weightedAverageShsOutDil": 2020900000
  },
  {
    "date": "2001-06-30",
    "symbol": "JPM",
    "reportedCurrency": "USD",
    "cik": "0000019617",
    "filingDate": "2001-08-14",
    "acceptedDate": "2001-08-14 00:00:00",
    "fiscalYear": "2001",
    "period": "Q2",
    "revenue": 12559000000,
    "costOfRevenue": 6213000000,
    "grossProfit": 6346000000,
    "researchAndDevelopmentExpenses": 0,
    "generalAndAdministrativeExpenses": 3052000000,
    "sellingAndMarketingExpenses": 144000000,
    "sellingGeneralAndAdministrativeExpenses": 3196000000,
    "otherExpenses": 2565000000,
    "operatingExpenses": 5761000000,
    "costAndExpenses": 11974000000,
    "netInterestIncome": 2781000000,
    "interestIncome": 8469000000,
    "interestExpense": 5688000000,
    "depreciationAndAmortization": 651000000,
    "ebitda": 1236000000,
    "ebit": 585000000,
    "nonOperatingIncomeExcludingInterest": 0,
    "operatingIncome": 585000000,
    "totalOtherIncomeExpensesNet": 0,
    "incomeBeforeTax": 585000000,
    "incomeTaxExpense": 207000000,
    "netIncomeFromContinuingOperations": 378000000,
    "netIncomeFromDiscontinuedOperations": 0,
    "otherAdjustmentsToNetIncome": 0,
    "netIncome": 378000000,
    "netIncomeDeductions": 0,
    "bottomLineNetIncome": 359000000,
    "eps": 0.18,
    "epsDiluted": 0.18,
    "weightedAverageShsOut": 1978400000,
    "weightedAverageShsOutDil": 2033600000
  },
  {
    "date": "2001-03-31",
    "symbol": "JPM",
    "reportedCurrency": "USD",
    "cik": "0000019617",
    "filingDate": "2001-05-15",
    "acceptedDate": "2001-05-15 00:00:00",
    "fiscalYear": "2001",
    "period": "Q1",
    "revenue": 15087000000,
    "costOfRevenue": 7209000000,
    "grossProfit": 7878000000,
    "researchAndDevelopmentExpenses": 0,
    "generalAndAdministrativeExpenses": 3336000000,
    "sellingAndMarketingExpenses": 141000000,
    "sellingGeneralAndAdministrativeExpenses": 3477000000,
    "otherExpenses": 2521000000,
    "operatingExpenses": 5998000000,
    "costAndExpenses": 13207000000,
    "netInterestIncome": 2418000000,
    "interestIncome": 9180000000,
    "interestExpense": 6762000000,
    "depreciationAndAmortization": 730000000,
    "ebitda": 2610000000,
    "ebit": 1880000000,
    "nonOperatingIncomeExcludingInterest": 0,
    "operatingIncome": 1880000000,
    "totalOtherIncomeExpensesNet": 0,
    "incomeBeforeTax": 1880000000,
    "incomeTaxExpense": 656000000,
    "netIncomeFromContinuingOperations": 1224000000,
    "netIncomeFromDiscontinuedOperations": 0,
    "otherAdjustmentsToNetIncome": -25000000,
    "netIncome": 1199000000,
    "netIncomeDeductions": 0,
    "bottomLineNetIncome": 1178000000,
    "eps": 0.6,
    "epsDiluted": 0.58,
    "weightedAverageShsOut": 1966600000,
    "weightedAverageShsOutDil": 2032200000
  },
  {
    "date": "2000-12-31",
    "symbol": "JPM",
    "reportedCurrency": "USD",
    "cik": "0000019617",
    "filingDate": "2001-03-22",
    "acceptedDate": "2001-03-22 00:00:00",
    "fiscalYear": "2000",
    "period": "Q4",
    "revenue": 32101000000,
    "costOfRevenue": 16306000000,
    "grossProfit": 15795000000,
    "researchAndDevelopmentExpenses": 0,
    "generalAndAdministrativeExpenses": 6825000000,
    "sellingAndMarketingExpenses": 228000000,
    "sellingGeneralAndAdministrativeExpenses": 7053000000,
    "otherExpenses": 5139000000,
    "operatingExpenses": 12192000000,
    "costAndExpenses": 28498000000,
    "netInterestIncome": 3643000000,
    "interestIncome": 19551000000,
    "interestExpense": 15908000000,
    "depreciationAndAmortization": 1325000000,
    "ebitda": 4928000000,
    "ebit": 3603000000,
    "nonOperatingIncomeExcludingInterest": 0,
    "operatingIncome": 3603000000,
    "totalOtherIncomeExpensesNet": 0,
    "incomeBeforeTax": 3603000000,
    "incomeTaxExpense": 1211000000,
    "netIncomeFromContinuingOperations": 2392000000,
    "netIncomeFromDiscontinuedOperations": 0,
    "otherAdjustmentsToNetIncome": 0,
    "netIncome": 2392000000,
    "netIncomeDeductions": 0,
    "bottomLineNetIncome": 2342000000,
    "eps": 1.22,
    "epsDiluted": 1.22,
    "weightedAverageShsOut": 1928490000,
    "weightedAverageShsOutDil": 1966600000
  },
  {
    "date": "2000-09-30",
    "symbol": "JPM",
    "reportedCurrency": "USD",
    "cik": "0000019617",
    "filingDate": "2000-11-14",
    "acceptedDate": "2000-11-14 00:00:00",
    "fiscalYear": "2000",
    "period": "Q3",
    "revenue": 14803000000,
    "costOfRevenue": 7378000000,
    "grossProfit": 7425000000,
    "researchAndDevelopmentExpenses": 0,
    "generalAndAdministrativeExpenses": 3135000000,
    "sellingAndMarketingExpenses": 0,
    "sellingGeneralAndAdministrativeExpenses": 3135000000,
    "otherExpenses": 2217000000,
    "operatingExpenses": 5352000000,
    "costAndExpenses": 12730000000,
    "netInterestIncome": 2343000000,
    "interestIncome": 9423000000,
    "interestExpense": 7080000000,
    "depreciationAndAmortization": 251000000,
    "ebitda": 2324000000,
    "ebit": 2073000000,
    "nonOperatingIncomeExcludingInterest": 0,
    "operatingIncome": 2073000000,
    "totalOtherIncomeExpensesNet": 0,
    "incomeBeforeTax": 2073000000,
    "incomeTaxExpense": 675000000,
    "netIncomeFromContinuingOperations": 1398000000,
    "netIncomeFromDiscontinuedOperations": 0,
    "otherAdjustmentsToNetIncome": 0,
    "netIncome": 1398000000,
    "netIncomeDeductions": 0,
    "bottomLineNetIncome": 1374000000,
    "eps": 0.73,
    "epsDiluted": -0.26,
    "weightedAverageShsOut": 1267300000,
    "weightedAverageShsOutDil": 1311800000
  },
  {
    "date": "2000-06-30",
    "symbol": "JPM",
    "reportedCurrency": "USD",
    "cik": "0000019617",
    "filingDate": "2000-08-14",
    "acceptedDate": "2000-08-14 00:00:00",
    "fiscalYear": "2000",
    "period": "Q2",
    "revenue": 14463000000,
    "costOfRevenue": 6892000000,
    "grossProfit": 7571000000,
    "researchAndDevelopmentExpenses": 0,
    "generalAndAdministrativeExpenses": 2963000000,
    "sellingAndMarketingExpenses": 144000000,
    "sellingGeneralAndAdministrativeExpenses": 3107000000,
    "otherExpenses": 1968000000,
    "operatingExpenses": 5075000000,
    "costAndExpenses": 11967000000,
    "netInterestIncome": 2294000000,
    "interestIncome": 8858000000,
    "interestExpense": 6564000000,
    "depreciationAndAmortization": 720000000,
    "ebitda": 3216000000,
    "ebit": 2496000000,
    "nonOperatingIncomeExcludingInterest": 0,
    "operatingIncome": 2496000000,
    "totalOtherIncomeExpensesNet": 0,
    "incomeBeforeTax": 2496000000,
    "incomeTaxExpense": 863000000,
    "netIncomeFromContinuingOperations": 1633000000,
    "netIncomeFromDiscontinuedOperations": 0,
    "otherAdjustmentsToNetIncome": 0,
    "netIncome": 1633000000,
    "netIncomeDeductions": 0,
    "bottomLineNetIncome": 1600000000,
    "eps": 0.87,
    "epsDiluted": 0.83,
    "weightedAverageShsOut": 1853100000,
    "weightedAverageShsOutDil": 1939200000
  },
  {
    "date": "2000-03-31",
    "symbol": "JPM",
    "reportedCurrency": "USD",
    "cik": "0000019617",
    "filingDate": "2000-05-15",
    "acceptedDate": "2000-05-15 00:00:00",
    "fiscalYear": "2000",
    "period": "Q1",
    "revenue": 14795000000,
    "costOfRevenue": 6368000000,
    "grossProfit": 8427000000,
    "researchAndDevelopmentExpenses": 0,
    "generalAndAdministrativeExpenses": 3340000000,
    "sellingAndMarketingExpenses": 117000000,
    "sellingGeneralAndAdministrativeExpenses": 3457000000,
    "otherExpenses": 1896000000,
    "operatingExpenses": 5353000000,
    "costAndExpenses": 11721000000,
    "netInterestIncome": 2414000000,
    "interestIncome": 8440000000,
    "interestExpense": 6026000000,
    "depreciationAndAmortization": 393000000,
    "ebitda": 3467000000,
    "ebit": 3074000000,
    "nonOperatingIncomeExcludingInterest": 0,
    "operatingIncome": 3074000000,
    "totalOtherIncomeExpensesNet": 0,
    "incomeBeforeTax": 3074000000,
    "incomeTaxExpense": 1086000000,
    "netIncomeFromContinuingOperations": 1988000000,
    "netIncomeFromDiscontinuedOperations": 0,
    "otherAdjustmentsToNetIncome": 0,
    "netIncome": 1988000000,
    "netIncomeDeductions": 0,
    "bottomLineNetIncome": 315000000,
    "eps": 1.11,
    "epsDiluted": 1.07,
    "weightedAverageShsOut": 1235632000,
    "weightedAverageShsOutDil": 1235632000
  },
  {
    "date": "1999-12-31",
    "symbol": "JPM",
    "reportedCurrency": "USD",
    "cik": "0000019617",
    "filingDate": "2000-03-13",
    "acceptedDate": "2000-03-13 00:00:00",
    "fiscalYear": "1999",
    "period": "Q4",
    "revenue": 9382000000,
    "costOfRevenue": 3570000000,
    "grossProfit": 5812000000,
    "researchAndDevelopmentExpenses": 0,
    "generalAndAdministrativeExpenses": 1694000000,
    "sellingAndMarketingExpenses": 103000000,
    "sellingGeneralAndAdministrativeExpenses": 1797000000,
    "otherExpenses": 1430000000,
    "operatingExpenses": 3227000000,
    "costAndExpenses": 6797000000,
    "netInterestIncome": 2225000000,
    "interestIncome": 5341000000,
    "interestExpense": 3116000000,
    "depreciationAndAmortization": 375000000,
    "ebitda": 2960000000,
    "ebit": 2585000000,
    "nonOperatingIncomeExcludingInterest": 0,
    "operatingIncome": 2585000000,
    "totalOtherIncomeExpensesNet": 0,
    "incomeBeforeTax": 2585000000,
    "incomeTaxExpense": 892000000,
    "netIncomeFromContinuingOperations": 1693000000,
    "netIncomeFromDiscontinuedOperations": 0,
    "otherAdjustmentsToNetIncome": 0,
    "netIncome": 1693000000,
    "netIncomeDeductions": 0,
    "bottomLineNetIncome": 1677000000,
    "eps": 1.39,
    "epsDiluted": 1.39,
    "weightedAverageShsOut": 1220700000,
    "weightedAverageShsOutDil": 1220700000
  },
  {
    "date": "1999-09-30",
    "symbol": "JPM",
    "reportedCurrency": "USD",
    "cik": "0000019617",
    "filingDate": "1999-11-08",
    "acceptedDate": "1999-11-08 00:00:00",
    "fiscalYear": "1999",
    "period": "Q3",
    "revenue": 8017000000,
    "costOfRevenue": 3224000000,
    "grossProfit": 4793000000,
    "researchAndDevelopmentExpenses": 0,
    "generalAndAdministrativeExpenses": 1655000000,
    "sellingAndMarketingExpenses": 128000000,
    "sellingGeneralAndAdministrativeExpenses": 1783000000,
    "otherExpenses": 1198000000,
    "operatingExpenses": 2981000000,
    "costAndExpenses": 6205000000,
    "netInterestIncome": 2170000000,
    "interestIncome": 4996000000,
    "interestExpense": 2826000000,
    "depreciationAndAmortization": 336000000,
    "ebitda": 2148000000,
    "ebit": 1812000000,
    "nonOperatingIncomeExcludingInterest": 0,
    "operatingIncome": 1812000000,
    "totalOtherIncomeExpensesNet": 0,
    "incomeBeforeTax": 1812000000,
    "incomeTaxExpense": 625000000,
    "netIncomeFromContinuingOperations": 1187000000,
    "netIncomeFromDiscontinuedOperations": 0,
    "otherAdjustmentsToNetIncome": 0,
    "netIncome": 1187000000,
    "netIncomeDeductions": 0,
    "bottomLineNetIncome": 1168000000,
    "eps": 0.95,
    "epsDiluted": 0.91,
    "weightedAverageShsOut": 1231784000,
    "weightedAverageShsOutDil": 1273913000
  },
  {
    "date": "1999-06-30",
    "symbol": "JPM",
    "reportedCurrency": "USD",
    "cik": "0000019617",
    "filingDate": "1999-08-16",
    "acceptedDate": "1999-08-16 00:00:00",
    "fiscalYear": "1999",
    "period": "Q2",
    "revenue": 8344000000,
    "costOfRevenue": 3116000000,
    "grossProfit": 5228000000,
    "researchAndDevelopmentExpenses": 0,
    "generalAndAdministrativeExpenses": 1654000000,
    "sellingAndMarketingExpenses": 0,
    "sellingGeneralAndAdministrativeExpenses": 1654000000,
    "otherExpenses": 1414000000,
    "operatingExpenses": 3068000000,
    "costAndExpenses": 6184000000,
    "netInterestIncome": 2145000000,
    "interestIncome": 4873000000,
    "interestExpense": 2728000000,
    "depreciationAndAmortization": 352000000,
    "ebitda": 2512000000,
    "ebit": 2160000000,
    "nonOperatingIncomeExcludingInterest": 0,
    "operatingIncome": 2160000000,
    "totalOtherIncomeExpensesNet": 0,
    "incomeBeforeTax": 2160000000,
    "incomeTaxExpense": 767000000,
    "netIncomeFromContinuingOperations": 1393000000,
    "netIncomeFromDiscontinuedOperations": 0,
    "otherAdjustmentsToNetIncome": 0,
    "netIncome": 1393000000,
    "netIncomeDeductions": 0,
    "bottomLineNetIncome": 1375000000,
    "eps": 1.1,
    "epsDiluted": 1.07,
    "weightedAverageShsOut": 1248726000,
    "weightedAverageShsOutDil": 1291304000
  },
  {
    "date": "1999-03-31",
    "symbol": "JPM",
    "reportedCurrency": "USD",
    "cik": "0000019617",
    "filingDate": "1999-05-17",
    "acceptedDate": "1999-05-17 00:00:00",
    "fiscalYear": "1999",
    "period": "Q1",
    "revenue": 7967000000,
    "costOfRevenue": 3204000000,
    "grossProfit": 4763000000,
    "researchAndDevelopmentExpenses": 0,
    "generalAndAdministrativeExpenses": 1639000000,
    "sellingAndMarketingExpenses": 0,
    "sellingGeneralAndAdministrativeExpenses": 1639000000,
    "otherExpenses": 1306000000,
    "operatingExpenses": 2945000000,
    "costAndExpenses": 6149000000,
    "netInterestIncome": 2204000000,
    "interestIncome": 5027000000,
    "interestExpense": 2823000000,
    "depreciationAndAmortization": 340000000,
    "ebitda": 2158000000,
    "ebit": 1818000000,
    "nonOperatingIncomeExcludingInterest": 0,
    "operatingIncome": 1818000000,
    "totalOtherIncomeExpensesNet": 0,
    "incomeBeforeTax": 1818000000,
    "incomeTaxExpense": 645000000,
    "netIncomeFromContinuingOperations": 1173000000,
    "netIncomeFromDiscontinuedOperations": 0,
    "otherAdjustmentsToNetIncome": 0,
    "netIncome": 1173000000,
    "netIncomeDeductions": 0,
    "bottomLineNetIncome": 1155000000,
    "eps": 0.91,
    "epsDiluted": 0.88,
    "weightedAverageShsOut": 1240136000,
    "weightedAverageShsOutDil": 1240136000
  },
  {
    "date": "1998-12-31",
    "symbol": "JPM",
    "reportedCurrency": "USD",
    "cik": "0000019617",
    "filingDate": "1999-03-11",
    "acceptedDate": "1999-03-11 00:00:00",
    "fiscalYear": "1998",
    "period": "Q4",
    "revenue": 8347000000,
    "costOfRevenue": 3487000000,
    "grossProfit": 4860000000,
    "researchAndDevelopmentExpenses": 0,
    "generalAndAdministrativeExpenses": 1490000000,
    "sellingAndMarketingExpenses": 0,
    "sellingGeneralAndAdministrativeExpenses": 1490000000,
    "otherExpenses": 1594000000,
    "operatingExpenses": 3084000000,
    "costAndExpenses": 6571000000,
    "netInterestIncome": 2160000000,
    "interestIncome": 5441000000,
    "interestExpense": 3281000000,
    "depreciationAndAmortization": 334000000,
    "ebitda": 2110000000,
    "ebit": 1776000000,
    "nonOperatingIncomeExcludingInterest": 0,
    "operatingIncome": 1776000000,
    "totalOtherIncomeExpensesNet": 0,
    "incomeBeforeTax": 1776000000,
    "incomeTaxExpense": 630000000,
    "netIncomeFromContinuingOperations": 1146000000,
    "netIncomeFromDiscontinuedOperations": 0,
    "otherAdjustmentsToNetIncome": 0,
    "netIncome": 1146000000,
    "netIncomeDeductions": 0,
    "bottomLineNetIncome": 1128000000,
    "eps": 0.88,
    "epsDiluted": 0.91,
    "weightedAverageShsOut": 1261675000,
    "weightedAverageShsOutDil": 1264768000
  },
  {
    "date": "1998-09-30",
    "symbol": "JPM",
    "reportedCurrency": "USD",
    "cik": "0000019617",
    "filingDate": "1998-11-16",
    "acceptedDate": "1998-11-16 00:00:00",
    "fiscalYear": "1998",
    "period": "Q3",
    "revenue": 7444000000,
    "costOfRevenue": 3498000000,
    "grossProfit": 3946000000,
    "researchAndDevelopmentExpenses": 0,
    "generalAndAdministrativeExpenses": 1426000000,
    "sellingAndMarketingExpenses": 0,
    "sellingGeneralAndAdministrativeExpenses": 1426000000,
    "otherExpenses": 1221000000,
    "operatingExpenses": 2647000000,
    "costAndExpenses": 6145000000,
    "netInterestIncome": 2206000000,
    "interestIncome": 5432000000,
    "interestExpense": 3226000000,
    "depreciationAndAmortization": 278000000,
    "ebitda": 1577000000,
    "ebit": 1299000000,
    "nonOperatingIncomeExcludingInterest": 0,
    "operatingIncome": 1299000000,
    "totalOtherIncomeExpensesNet": 0,
    "incomeBeforeTax": 1299000000,
    "incomeTaxExpense": 462000000,
    "netIncomeFromContinuingOperations": 837000000,
    "netIncomeFromDiscontinuedOperations": 0,
    "otherAdjustmentsToNetIncome": 0,
    "netIncome": 837000000,
    "netIncomeDeductions": 0,
    "bottomLineNetIncome": 815000000,
    "eps": 0.64,
    "epsDiluted": 0.63,
    "weightedAverageShsOut": 1273438000,
    "weightedAverageShsOutDil": 1293651000
  },
  {
    "date": "1998-06-30",
    "symbol": "JPM",
    "reportedCurrency": "USD",
    "cik": "0000019617",
    "filingDate": "1998-08-14",
    "acceptedDate": "1998-08-14 00:00:00",
    "fiscalYear": "1998",
    "period": "Q2",
    "revenue": 8342000000,
    "costOfRevenue": 3915000000,
    "grossProfit": 4427000000,
    "researchAndDevelopmentExpenses": 0,
    "generalAndAdministrativeExpenses": 1485000000,
    "sellingAndMarketingExpenses": 0,
    "sellingGeneralAndAdministrativeExpenses": 1485000000,
    "otherExpenses": 1237000000,
    "operatingExpenses": 2722000000,
    "costAndExpenses": 6637000000,
    "netInterestIncome": 2036000000,
    "interestIncome": 5623000000,
    "interestExpense": 3587000000,
    "depreciationAndAmortization": 316000000,
    "ebitda": 2021000000,
    "ebit": 1705000000,
    "nonOperatingIncomeExcludingInterest": 0,
    "operatingIncome": 1705000000,
    "totalOtherIncomeExpensesNet": 0,
    "incomeBeforeTax": 1705000000,
    "incomeTaxExpense": 631000000,
    "netIncomeFromContinuingOperations": 1074000000,
    "netIncomeFromDiscontinuedOperations": 0,
    "otherAdjustmentsToNetIncome": 0,
    "netIncome": 1074000000,
    "netIncomeDeductions": 0,
    "bottomLineNetIncome": 1050000000,
    "eps": 0.83,
    "epsDiluted": 0.8,
    "weightedAverageShsOut": 1265060000,
    "weightedAverageShsOutDil": 1312500000
  },
  {
    "date": "1998-03-31",
    "symbol": "JPM",
    "reportedCurrency": "USD",
    "cik": "0000019617",
    "filingDate": "1998-05-15",
    "acceptedDate": "1998-05-15 00:00:00",
    "fiscalYear": "1998",
    "period": "Q1",
    "revenue": 8252000000,
    "costOfRevenue": 3961000000,
    "grossProfit": 4291000000,
    "researchAndDevelopmentExpenses": 0,
    "generalAndAdministrativeExpenses": 1478000000,
    "sellingAndMarketingExpenses": 0,
    "sellingGeneralAndAdministrativeExpenses": 1478000000,
    "otherExpenses": 1663000000,
    "operatingExpenses": 3141000000,
    "costAndExpenses": 7102000000,
    "netInterestIncome": 2164000000,
    "interestIncome": 5793000000,
    "interestExpense": 3629000000,
    "depreciationAndAmortization": 242000000,
    "ebitda": 1392000000,
    "ebit": 1150000000,
    "nonOperatingIncomeExcludingInterest": 0,
    "operatingIncome": 1150000000,
    "totalOtherIncomeExpensesNet": 0,
    "incomeBeforeTax": 1150000000,
    "incomeTaxExpense": 425000000,
    "netIncomeFromContinuingOperations": 725000000,
    "netIncomeFromDiscontinuedOperations": 0,
    "otherAdjustmentsToNetIncome": 0,
    "netIncome": 725000000,
    "netIncomeDeductions": 0,
    "bottomLineNetIncome": 691000000,
    "eps": 0.55,
    "epsDiluted": 0.53,
    "weightedAverageShsOut": 1256364000,
    "weightedAverageShsOutDil": 1303774000
  },
  {
    "date": "1997-12-31",
    "symbol": "JPM",
    "reportedCurrency": "USD",
    "cik": "0000019617",
    "filingDate": "1998-03-30",
    "acceptedDate": "1998-03-30 00:00:00",
    "fiscalYear": "1997",
    "period": "Q4",
    "revenue": 7808000000,
    "costOfRevenue": 3929000000,
    "grossProfit": 3879000000,
    "researchAndDevelopmentExpenses": 0,
    "generalAndAdministrativeExpenses": 1264000000,
    "sellingAndMarketingExpenses": 0,
    "sellingGeneralAndAdministrativeExpenses": 1264000000,
    "otherExpenses": 1226000000,
    "operatingExpenses": 2490000000,
    "costAndExpenses": 6419000000,
    "netInterestIncome": 2079000000,
    "interestIncome": 5803000000,
    "interestExpense": 3724000000,
    "depreciationAndAmortization": 239000000,
    "ebitda": 1628000000,
    "ebit": 1389000000,
    "nonOperatingIncomeExcludingInterest": 0,
    "operatingIncome": 1389000000,
    "totalOtherIncomeExpensesNet": 0,
    "incomeBeforeTax": 1389000000,
    "incomeTaxExpense": 515000000,
    "netIncomeFromContinuingOperations": 874000000,
    "netIncomeFromDiscontinuedOperations": 0,
    "otherAdjustmentsToNetIncome": 0,
    "netIncome": 874000000,
    "netIncomeDeductions": 0,
    "bottomLineNetIncome": 839000000,
    "eps": 0.66,
    "epsDiluted": 0.7,
    "weightedAverageShsOut": 1253125000,
    "weightedAverageShsOutDil": 1256364000
  },
  {
    "date": "1997-09-30",
    "symbol": "JPM",
    "reportedCurrency": "USD",
    "cik": "0000019617",
    "filingDate": "1997-11-14",
    "acceptedDate": "1997-11-14 00:00:00",
    "fiscalYear": "1997",
    "period": "Q3",
    "revenue": 7864000000,
    "costOfRevenue": 3639000000,
    "grossProfit": 4225000000,
    "researchAndDevelopmentExpenses": 0,
    "generalAndAdministrativeExpenses": 1498000000,
    "sellingAndMarketingExpenses": 0,
    "sellingGeneralAndAdministrativeExpenses": 1498000000,
    "otherExpenses": 1169000000,
    "operatingExpenses": 2667000000,
    "costAndExpenses": 6306000000,
    "netInterestIncome": 2069000000,
    "interestIncome": 5518000000,
    "interestExpense": 3449000000,
    "depreciationAndAmortization": 241000000,
    "ebitda": 1799000000,
    "ebit": 1558000000,
    "nonOperatingIncomeExcludingInterest": 0,
    "operatingIncome": 1558000000,
    "totalOtherIncomeExpensesNet": 0,
    "incomeBeforeTax": 1558000000,
    "incomeTaxExpense": 576000000,
    "netIncomeFromContinuingOperations": 982000000,
    "netIncomeFromDiscontinuedOperations": 0,
    "otherAdjustmentsToNetIncome": 0,
    "netIncome": 982000000,
    "netIncomeDeductions": 0,
    "bottomLineNetIncome": 941000000,
    "eps": 0.75,
    "epsDiluted": 0.72,
    "weightedAverageShsOut": 1254667000,
    "weightedAverageShsOutDil": 1306944000
  },
  {
    "date": "1997-06-30",
    "symbol": "JPM",
    "reportedCurrency": "USD",
    "cik": "0000019617",
    "filingDate": "1997-08-14",
    "acceptedDate": "1997-08-14 00:00:00",
    "fiscalYear": "1997",
    "period": "Q2",
    "revenue": 7504000000,
    "costOfRevenue": 3540000000,
    "grossProfit": 3964000000,
    "researchAndDevelopmentExpenses": 0,
    "generalAndAdministrativeExpenses": 1329000000,
    "sellingAndMarketingExpenses": 0,
    "sellingGeneralAndAdministrativeExpenses": 1329000000,
    "otherExpenses": 1155000000,
    "operatingExpenses": 2484000000,
    "costAndExpenses": 6024000000,
    "netInterestIncome": 2006000000,
    "interestIncome": 5357000000,
    "interestExpense": 3351000000,
    "depreciationAndAmortization": 236000000,
    "ebitda": 1716000000,
    "ebit": 1480000000,
    "nonOperatingIncomeExcludingInterest": 0,
    "operatingIncome": 1480000000,
    "totalOtherIncomeExpensesNet": 0,
    "incomeBeforeTax": 1480000000,
    "incomeTaxExpense": 555000000,
    "netIncomeFromContinuingOperations": 925000000,
    "netIncomeFromDiscontinuedOperations": 0,
    "otherAdjustmentsToNetIncome": 0,
    "netIncome": 925000000,
    "netIncomeDeductions": 0,
    "bottomLineNetIncome": 874000000,
    "eps": 0.69,
    "epsDiluted": 0.67,
    "weightedAverageShsOut": 1266667000,
    "weightedAverageShsOutDil": 1304478000
  },
  {
    "date": "1997-03-31",
    "symbol": "JPM",
    "reportedCurrency": "USD",
    "cik": "0000019617",
    "filingDate": "1997-05-15",
    "acceptedDate": "1997-05-15 00:00:00",
    "fiscalYear": "1997",
    "period": "Q1",
    "revenue": 7224000000,
    "costOfRevenue": 3294000000,
    "grossProfit": 3930000000,
    "researchAndDevelopmentExpenses": 0,
    "generalAndAdministrativeExpenses": 1346000000,
    "sellingAndMarketingExpenses": 0,
    "sellingGeneralAndAdministrativeExpenses": 1346000000,
    "otherExpenses": 1101000000,
    "operatingExpenses": 2447000000,
    "costAndExpenses": 5741000000,
    "netInterestIncome": 2068000000,
    "interestIncome": 5142000000,
    "interestExpense": 3074000000,
    "depreciationAndAmortization": 235000000,
    "ebitda": 1718000000,
    "ebit": 1483000000,
    "nonOperatingIncomeExcludingInterest": 0,
    "operatingIncome": 1483000000,
    "totalOtherIncomeExpensesNet": 0,
    "incomeBeforeTax": 1483000000,
    "incomeTaxExpense": 556000000,
    "netIncomeFromContinuingOperations": 927000000,
    "netIncomeFromDiscontinuedOperations": 0,
    "otherAdjustmentsToNetIncome": 0,
    "netIncome": 927000000,
    "netIncomeDeductions": 0,
    "bottomLineNetIncome": 872000000,
    "eps": 0.67,
    "epsDiluted": 0.66,
    "weightedAverageShsOut": 1301493000,
    "weightedAverageShsOutDil": 1321212000
  },
  {
    "date": "1996-12-31",
    "symbol": "JPM",
    "reportedCurrency": "USD",
    "cik": "0000019617",
    "filingDate": "1997-03-25",
    "acceptedDate": "1997-03-25 00:00:00",
    "fiscalYear": "1996",
    "period": "Q4",
    "revenue": 6995000000,
    "costOfRevenue": 3239000000,
    "grossProfit": 3756000000,
    "researchAndDevelopmentExpenses": 0,
    "generalAndAdministrativeExpenses": 1255000000,
    "sellingAndMarketingExpenses": 0,
    "sellingGeneralAndAdministrativeExpenses": 1255000000,
    "otherExpenses": 1152000000,
    "operatingExpenses": 2407000000,
    "costAndExpenses": 5646000000,
    "netInterestIncome": 2082000000,
    "interestIncome": 5139000000,
    "interestExpense": 3057000000,
    "depreciationAndAmortization": 238000000,
    "ebitda": 1587000000,
    "ebit": 1349000000,
    "nonOperatingIncomeExcludingInterest": 0,
    "operatingIncome": 1349000000,
    "totalOtherIncomeExpensesNet": 0,
    "incomeBeforeTax": 1349000000,
    "incomeTaxExpense": 513000000,
    "netIncomeFromContinuingOperations": 836000000,
    "netIncomeFromDiscontinuedOperations": 0,
    "otherAdjustmentsToNetIncome": 0,
    "netIncome": 836000000,
    "netIncomeDeductions": 0,
    "bottomLineNetIncome": 781000000,
    "eps": 0.61,
    "epsDiluted": 0.64,
    "weightedAverageShsOut": 1301493000,
    "weightedAverageShsOutDil": 1301493000
  },
  {
    "date": "1996-09-30",
    "symbol": "JPM",
    "reportedCurrency": "USD",
    "cik": "0000019617",
    "filingDate": "1996-11-14",
    "acceptedDate": "1996-11-14 00:00:00",
    "fiscalYear": "1996",
    "period": "Q3",
    "revenue": 6774000000,
    "costOfRevenue": 3069000000,
    "grossProfit": 3705000000,
    "researchAndDevelopmentExpenses": 0,
    "generalAndAdministrativeExpenses": 1251000000,
    "sellingAndMarketingExpenses": 0,
    "sellingGeneralAndAdministrativeExpenses": 1251000000,
    "otherExpenses": 1069000000,
    "operatingExpenses": 2320000000,
    "costAndExpenses": 5389000000,
    "netInterestIncome": 2069000000,
    "interestIncome": 4918000000,
    "interestExpense": 2849000000,
    "depreciationAndAmortization": 225000000,
    "ebitda": 1610000000,
    "ebit": 1385000000,
    "nonOperatingIncomeExcludingInterest": 0,
    "operatingIncome": 1385000000,
    "totalOtherIncomeExpensesNet": 0,
    "incomeBeforeTax": 1385000000,
    "incomeTaxExpense": 527000000,
    "netIncomeFromContinuingOperations": 858000000,
    "netIncomeFromDiscontinuedOperations": 0,
    "otherAdjustmentsToNetIncome": 0,
    "netIncome": 858000000,
    "netIncomeDeductions": 0,
    "bottomLineNetIncome": 749000000,
    "eps": 0.61,
    "epsDiluted": 0.59,
    "weightedAverageShsOut": 1227869000,
    "weightedAverageShsOutDil": 1269492000
  },
  {
    "date": "1996-06-30",
    "symbol": "JPM",
    "reportedCurrency": "USD",
    "cik": "0000019617",
    "filingDate": "1996-08-14",
    "acceptedDate": "1996-08-14 00:00:00",
    "fiscalYear": "1996",
    "period": "Q2",
    "revenue": 6720000000,
    "costOfRevenue": 3016000000,
    "grossProfit": 3704000000,
    "researchAndDevelopmentExpenses": 0,
    "generalAndAdministrativeExpenses": 1271000000,
    "sellingAndMarketingExpenses": 0,
    "sellingGeneralAndAdministrativeExpenses": 1271000000,
    "otherExpenses": 1053000000,
    "operatingExpenses": 2324000000,
    "costAndExpenses": 5340000000,
    "netInterestIncome": 2023000000,
    "interestIncome": 4789000000,
    "interestExpense": 2766000000,
    "depreciationAndAmortization": 198000000,
    "ebitda": 1578000000,
    "ebit": 1380000000,
    "nonOperatingIncomeExcludingInterest": 0,
    "operatingIncome": 1380000000,
    "totalOtherIncomeExpensesNet": 0,
    "incomeBeforeTax": 1380000000,
    "incomeTaxExpense": 524000000,
    "netIncomeFromContinuingOperations": 856000000,
    "netIncomeFromDiscontinuedOperations": 0,
    "otherAdjustmentsToNetIncome": 0,
    "netIncome": 856000000,
    "netIncomeDeductions": 0,
    "bottomLineNetIncome": 801000000,
    "eps": 0.6,
    "epsDiluted": 0.6,
    "weightedAverageShsOut": 1335000000,
    "weightedAverageShsOutDil": 1335000000
  },
  {
    "date": "1996-03-31",
    "symbol": "JPM",
    "reportedCurrency": "USD",
    "cik": "0000019617",
    "filingDate": "1996-05-15",
    "acceptedDate": "1996-05-15 00:00:00",
    "fiscalYear": "1996",
    "period": "Q1",
    "revenue": 6932000000,
    "costOfRevenue": 3142000000,
    "grossProfit": 3790000000,
    "researchAndDevelopmentExpenses": 0,
    "generalAndAdministrativeExpenses": 1381000000,
    "sellingAndMarketingExpenses": 0,
    "sellingGeneralAndAdministrativeExpenses": 1381000000,
    "otherExpenses": 2712000000,
    "operatingExpenses": 4093000000,
    "costAndExpenses": 7235000000,
    "netInterestIncome": 2150000000,
    "interestIncome": 5047000000,
    "interestExpense": 2897000000,
    "depreciationAndAmortization": 208000000,
    "ebitda": -95000000,
    "ebit": -303000000,
    "nonOperatingIncomeExcludingInterest": 0,
    "operatingIncome": -303000000,
    "totalOtherIncomeExpensesNet": 0,
    "incomeBeforeTax": -303000000,
    "incomeTaxExpense": -214000000,
    "netIncomeFromContinuingOperations": -89000000,
    "netIncomeFromDiscontinuedOperations": 0,
    "otherAdjustmentsToNetIncome": 0,
    "netIncome": -89000000,
    "netIncomeDeductions": 0,
    "bottomLineNetIncome": -89000000,
    "eps": -0.14,
    "epsDiluted": -0.18,
    "weightedAverageShsOut": 751548000,
    "weightedAverageShsOutDil": 751548000
  },
  {
    "date": "1995-12-31",
    "symbol": "JPM",
    "reportedCurrency": "USD",
    "cik": "0000019617",
    "filingDate": "1996-03-20",
    "acceptedDate": "1996-03-20 00:00:00",
    "fiscalYear": "1995",
    "period": "Q4",
    "revenue": 3810000000,
    "costOfRevenue": 1794000000,
    "grossProfit": 2016000000,
    "researchAndDevelopmentExpenses": 0,
    "generalAndAdministrativeExpenses": 719000000,
    "sellingAndMarketingExpenses": 0,
    "sellingGeneralAndAdministrativeExpenses": 719000000,
    "otherExpenses": 531000000,
    "operatingExpenses": 1250000000,
    "costAndExpenses": 3044000000,
    "netInterestIncome": 1174000000,
    "interestIncome": 2852000000,
    "interestExpense": 1678000000,
    "depreciationAndAmortization": 86000000,
    "ebitda": 852000000,
    "ebit": 766000000,
    "nonOperatingIncomeExcludingInterest": 0,
    "operatingIncome": 766000000,
    "totalOtherIncomeExpensesNet": 0,
    "incomeBeforeTax": 766000000,
    "incomeTaxExpense": 276000000,
    "netIncomeFromContinuingOperations": 490000000,
    "netIncomeFromDiscontinuedOperations": 0,
    "otherAdjustmentsToNetIncome": 0,
    "netIncome": 490000000,
    "netIncomeDeductions": 105000000,
    "bottomLineNetIncome": 385000000,
    "eps": 0.47,
    "epsDiluted": 0.4,
    "weightedAverageShsOut": 801829000,
    "weightedAverageShsOutDil": 809091000
  },
  {
    "date": "1995-09-30",
    "symbol": "JPM",
    "reportedCurrency": "USD",
    "cik": "0000019617",
    "filingDate": "1995-11-14",
    "acceptedDate": "1995-11-14 00:00:00",
    "fiscalYear": "1995",
    "period": "Q3",
    "revenue": 3810000000,
    "costOfRevenue": 1758000000,
    "grossProfit": 2052000000,
    "researchAndDevelopmentExpenses": 0,
    "generalAndAdministrativeExpenses": 720000000,
    "sellingAndMarketingExpenses": 0,
    "sellingGeneralAndAdministrativeExpenses": 720000000,
    "otherExpenses": 537000000,
    "operatingExpenses": 1257000000,
    "costAndExpenses": 3015000000,
    "netInterestIncome": 1197000000,
    "interestIncome": 2833000000,
    "interestExpense": 1636000000,
    "depreciationAndAmortization": 0,
    "ebitda": 795000000,
    "ebit": 795000000,
    "nonOperatingIncomeExcludingInterest": 0,
    "operatingIncome": 795000000,
    "totalOtherIncomeExpensesNet": 0,
    "incomeBeforeTax": 795000000,
    "incomeTaxExpense": 318000000,
    "netIncomeFromContinuingOperations": 477000000,
    "netIncomeFromDiscontinuedOperations": 0,
    "otherAdjustmentsToNetIncome": 0,
    "netIncome": 477000000,
    "netIncomeDeductions": 0,
    "bottomLineNetIncome": 477000000,
    "eps": 0.58,
    "epsDiluted": 0.57,
    "weightedAverageShsOut": 822414000,
    "weightedAverageShsOutDil": 836842000
  },
  {
    "date": "1995-06-30",
    "symbol": "JPM",
    "reportedCurrency": "USD",
    "cik": "0000019617",
    "filingDate": "1995-08-14",
    "acceptedDate": "1995-08-14 00:00:00",
    "fiscalYear": "1995",
    "period": "Q2",
    "revenue": 3728000000,
    "costOfRevenue": 1725000000,
    "grossProfit": 2003000000,
    "researchAndDevelopmentExpenses": 0,
    "generalAndAdministrativeExpenses": 674000000,
    "sellingAndMarketingExpenses": 0,
    "sellingGeneralAndAdministrativeExpenses": 674000000,
    "otherExpenses": 574000000,
    "operatingExpenses": 1248000000,
    "costAndExpenses": 2973000000,
    "netInterestIncome": 1162000000,
    "interestIncome": 2767000000,
    "interestExpense": 1605000000,
    "depreciationAndAmortization": 0,
    "ebitda": 755000000,
    "ebit": 755000000,
    "nonOperatingIncomeExcludingInterest": 0,
    "operatingIncome": 755000000,
    "totalOtherIncomeExpensesNet": 0,
    "incomeBeforeTax": 755000000,
    "incomeTaxExpense": 302000000,
    "netIncomeFromContinuingOperations": 453000000,
    "netIncomeFromDiscontinuedOperations": 0,
    "otherAdjustmentsToNetIncome": 0,
    "netIncome": 453000000,
    "netIncomeDeductions": 0,
    "bottomLineNetIncome": 453000000,
    "eps": 0.57,
    "epsDiluted": 0.56,
    "weightedAverageShsOut": 794737000,
    "weightedAverageShsOutDil": 808929000
  },
  {
    "date": "1995-03-31",
    "symbol": "JPM",
    "reportedCurrency": "USD",
    "cik": "0000019617",
    "filingDate": "1995-05-15",
    "acceptedDate": "1995-05-15 00:00:00",
    "fiscalYear": "1995",
    "period": "Q1",
    "revenue": 3536000000,
    "costOfRevenue": 1630000000,
    "grossProfit": 1906000000,
    "researchAndDevelopmentExpenses": 0,
    "generalAndAdministrativeExpenses": 653000000,
    "sellingAndMarketingExpenses": 0,
    "sellingGeneralAndAdministrativeExpenses": 653000000,
    "otherExpenses": 593000000,
    "operatingExpenses": 1246000000,
    "costAndExpenses": 2876000000,
    "netInterestIncome": 1156000000,
    "interestIncome": 2666000000,
    "interestExpense": 1510000000,
    "depreciationAndAmortization": 0,
    "ebitda": 660000000,
    "ebit": 660000000,
    "nonOperatingIncomeExcludingInterest": 0,
    "operatingIncome": 660000000,
    "totalOtherIncomeExpensesNet": 0,
    "incomeBeforeTax": 660000000,
    "incomeTaxExpense": 264000000,
    "netIncomeFromContinuingOperations": 396000000,
    "netIncomeFromDiscontinuedOperations": 0,
    "otherAdjustmentsToNetIncome": -11000000,
    "netIncome": 385000000,
    "netIncomeDeductions": 0,
    "bottomLineNetIncome": 385000000,
    "eps": 0.49,
    "epsDiluted": 0.49,
    "weightedAverageShsOut": 785714000,
    "weightedAverageShsOutDil": 785714000
  },
  {
    "date": "1994-12-31",
    "symbol": "JPM",
    "reportedCurrency": "USD",
    "cik": "0000019617",
    "filingDate": "1995-03-27",
    "acceptedDate": "1995-03-27 00:00:00",
    "fiscalYear": "1994",
    "period": "Q4",
    "revenue": 3281000000,
    "costOfRevenue": 1382000000,
    "grossProfit": 1899000000,
    "researchAndDevelopmentExpenses": 0,
    "generalAndAdministrativeExpenses": 681000000,
    "sellingAndMarketingExpenses": 0,
    "sellingGeneralAndAdministrativeExpenses": 681000000,
    "otherExpenses": 912000000,
    "operatingExpenses": 1593000000,
    "costAndExpenses": 2975000000,
    "netInterestIncome": 1169000000,
    "interestIncome": 2466000000,
    "interestExpense": 1297000000,
    "depreciationAndAmortization": 101000000,
    "ebitda": 407000000,
    "ebit": 306000000,
    "nonOperatingIncomeExcludingInterest": 0,
    "operatingIncome": 306000000,
    "totalOtherIncomeExpensesNet": 0,
    "incomeBeforeTax": 306000000,
    "incomeTaxExpense": 127000000,
    "netIncomeFromContinuingOperations": 179000000,
    "netIncomeFromDiscontinuedOperations": 0,
    "otherAdjustmentsToNetIncome": 0,
    "netIncome": 179000000,
    "netIncomeDeductions": 0,
    "bottomLineNetIncome": 149000000,
    "eps": 0.21,
    "epsDiluted": 0.21,
    "weightedAverageShsOut": 785714000,
    "weightedAverageShsOutDil": 785714000
  },
  {
    "date": "1994-09-30",
    "symbol": "JPM",
    "reportedCurrency": "USD",
    "cik": "0000019617",
    "filingDate": "1994-11-14",
    "acceptedDate": "1994-11-14 00:00:00",
    "fiscalYear": "1994",
    "period": "Q3",
    "revenue": 3297000000,
    "costOfRevenue": 1236000000,
    "grossProfit": 2061000000,
    "researchAndDevelopmentExpenses": 0,
    "generalAndAdministrativeExpenses": 682000000,
    "sellingAndMarketingExpenses": 0,
    "sellingGeneralAndAdministrativeExpenses": 682000000,
    "otherExpenses": 629000000,
    "operatingExpenses": 1311000000,
    "costAndExpenses": 2547000000,
    "netInterestIncome": 1177000000,
    "interestIncome": 2313000000,
    "interestExpense": 1136000000,
    "depreciationAndAmortization": 130000000,
    "ebitda": 880000000,
    "ebit": 750000000,
    "nonOperatingIncomeExcludingInterest": 0,
    "operatingIncome": 750000000,
    "totalOtherIncomeExpensesNet": 0,
    "incomeBeforeTax": 750000000,
    "incomeTaxExpense": 311000000,
    "netIncomeFromContinuingOperations": 439000000,
    "netIncomeFromDiscontinuedOperations": 0,
    "otherAdjustmentsToNetIncome": 0,
    "netIncome": 439000000,
    "netIncomeDeductions": 0,
    "bottomLineNetIncome": 408000000,
    "eps": 0.53,
    "epsDiluted": 0.53,
    "weightedAverageShsOut": 769811000,
    "weightedAverageShsOutDil": 769811000
  },
  {
    "date": "1994-06-30",
    "symbol": "JPM",
    "reportedCurrency": "USD",
    "cik": "0000019617",
    "filingDate": "1994-08-15",
    "acceptedDate": "1994-08-15 00:00:00",
    "fiscalYear": "1994",
    "period": "Q2",
    "revenue": 3086000000,
    "costOfRevenue": 1194000000,
    "grossProfit": 1892000000,
    "researchAndDevelopmentExpenses": 0,
    "generalAndAdministrativeExpenses": 644000000,
    "sellingAndMarketingExpenses": 0,
    "sellingGeneralAndAdministrativeExpenses": 644000000,
    "otherExpenses": 637000000,
    "operatingExpenses": 1281000000,
    "costAndExpenses": 2475000000,
    "netInterestIncome": 1185000000,
    "interestIncome": 2219000000,
    "interestExpense": 1034000000,
    "depreciationAndAmortization": 57000000,
    "ebitda": 668000000,
    "ebit": 611000000,
    "nonOperatingIncomeExcludingInterest": 0,
    "operatingIncome": 611000000,
    "totalOtherIncomeExpensesNet": 0,
    "incomeBeforeTax": 611000000,
    "incomeTaxExpense": 254000000,
    "netIncomeFromContinuingOperations": 357000000,
    "netIncomeFromDiscontinuedOperations": 0,
    "otherAdjustmentsToNetIncome": 0,
    "netIncome": 357000000,
    "netIncomeDeductions": 0,
    "bottomLineNetIncome": 324000000,
    "eps": 0.43,
    "epsDiluted": 0.43,
    "weightedAverageShsOut": 753488000,
    "weightedAverageShsOutDil": 753488000
  },
  {
    "date": "1994-03-31",
    "symbol": "JPM",
    "reportedCurrency": "USD",
    "cik": "0000019617",
    "filingDate": "1994-05-16",
    "acceptedDate": "1994-05-16 00:00:00",
    "fiscalYear": "1994",
    "period": "Q1",
    "revenue": 3021000000,
    "costOfRevenue": 1152000000,
    "grossProfit": 1869000000,
    "researchAndDevelopmentExpenses": 0,
    "generalAndAdministrativeExpenses": 637000000,
    "sellingAndMarketingExpenses": 0,
    "sellingGeneralAndAdministrativeExpenses": 637000000,
    "otherExpenses": 687000000,
    "operatingExpenses": 1324000000,
    "costAndExpenses": 2476000000,
    "netInterestIncome": 1143000000,
    "interestIncome": 2090000000,
    "interestExpense": 947000000,
    "depreciationAndAmortization": 89000000,
    "ebitda": 634000000,
    "ebit": 545000000,
    "nonOperatingIncomeExcludingInterest": 0,
    "operatingIncome": 545000000,
    "totalOtherIncomeExpensesNet": 0,
    "incomeBeforeTax": 545000000,
    "incomeTaxExpense": 226000000,
    "netIncomeFromContinuingOperations": 319000000,
    "netIncomeFromDiscontinuedOperations": 0,
    "otherAdjustmentsToNetIncome": 0,
    "netIncome": 319000000,
    "netIncomeDeductions": 0,
    "bottomLineNetIncome": 287000000,
    "eps": 0.38,
    "epsDiluted": 0.38,
    "weightedAverageShsOut": 755263000,
    "weightedAverageShsOutDil": 755263000
  },
  {
    "date": "1993-12-31",
    "symbol": "JPM",
    "reportedCurrency": "USD",
    "cik": "0000019617",
    "filingDate": "1994-03-25",
    "acceptedDate": "1994-03-25 00:00:00",
    "fiscalYear": "1993",
    "period": "Q4",
    "revenue": 3127000000,
    "costOfRevenue": 1211000000,
    "grossProfit": 1916000000,
    "researchAndDevelopmentExpenses": 0,
    "generalAndAdministrativeExpenses": 617000000,
    "sellingAndMarketingExpenses": 0,
    "sellingGeneralAndAdministrativeExpenses": 617000000,
    "otherExpenses": 718000000,
    "operatingExpenses": 1335000000,
    "costAndExpenses": 2546000000,
    "netInterestIncome": 1149000000,
    "interestIncome": 2074000000,
    "interestExpense": 925000000,
    "depreciationAndAmortization": 136000000,
    "ebitda": 717000000,
    "ebit": 581000000,
    "nonOperatingIncomeExcludingInterest": 0,
    "operatingIncome": 581000000,
    "totalOtherIncomeExpensesNet": 0,
    "incomeBeforeTax": 581000000,
    "incomeTaxExpense": 234000000,
    "netIncomeFromContinuingOperations": 347000000,
    "netIncomeFromDiscontinuedOperations": 0,
    "otherAdjustmentsToNetIncome": 0,
    "netIncome": 347000000,
    "netIncomeDeductions": 0,
    "bottomLineNetIncome": 309000000,
    "eps": 0.4,
    "epsDiluted": 0.4,
    "weightedAverageShsOut": 760656000,
    "weightedAverageShsOutDil": 760656000
  },
  {
    "date": "1993-09-30",
    "symbol": "JPM",
    "reportedCurrency": "USD",
    "cik": "0000019617",
    "filingDate": "1993-09-30",
    "acceptedDate": "1993-09-29 20:00:00",
    "fiscalYear": "1993",
    "period": "Q3",
    "revenue": 3077000000,
    "costOfRevenue": 1208000000,
    "grossProfit": 1869000000,
    "researchAndDevelopmentExpenses": 0,
    "generalAndAdministrativeExpenses": 612000000,
    "sellingAndMarketingExpenses": 0,
    "sellingGeneralAndAdministrativeExpenses": 612000000,
    "otherExpenses": 758000000,
    "operatingExpenses": 1370000000,
    "costAndExpenses": 2578000000,
    "netInterestIncome": 1163000000,
    "interestIncome": 2073000000,
    "interestExpense": 910000000,
    "depreciationAndAmortization": 51000000,
    "ebitda": 550000000,
    "ebit": 499000000,
    "nonOperatingIncomeExcludingInterest": 0,
    "operatingIncome": 499000000,
    "totalOtherIncomeExpensesNet": 0,
    "incomeBeforeTax": 499000000,
    "incomeTaxExpense": -3000000,
    "netIncomeFromContinuingOperations": 502000000,
    "netIncomeFromDiscontinuedOperations": 0,
    "otherAdjustmentsToNetIncome": 0,
    "netIncome": 502000000,
    "netIncomeDeductions": 0,
    "bottomLineNetIncome": 464000000,
    "eps": 0.61,
    "epsDiluted": 0.61,
    "weightedAverageShsOut": 760656000,
    "weightedAverageShsOutDil": 760656000
  },
  {
    "date": "1993-06-30",
    "symbol": "JPM",
    "reportedCurrency": "USD",
    "cik": "0000019617",
    "filingDate": "1993-06-30",
    "acceptedDate": "1993-06-29 20:00:00",
    "fiscalYear": "1993",
    "period": "Q2",
    "revenue": 3174000000,
    "costOfRevenue": 1320000000,
    "grossProfit": 1854000000,
    "researchAndDevelopmentExpenses": 0,
    "generalAndAdministrativeExpenses": 634000000,
    "sellingAndMarketingExpenses": 0,
    "sellingGeneralAndAdministrativeExpenses": 634000000,
    "otherExpenses": 678000000,
    "operatingExpenses": 1312000000,
    "costAndExpenses": 2632000000,
    "netInterestIncome": 1175000000,
    "interestIncome": 2132000000,
    "interestExpense": 957000000,
    "depreciationAndAmortization": 77000000,
    "ebitda": 619000000,
    "ebit": 542000000,
    "nonOperatingIncomeExcludingInterest": 0,
    "operatingIncome": 542000000,
    "totalOtherIncomeExpensesNet": 0,
    "incomeBeforeTax": 542000000,
    "incomeTaxExpense": 161000000,
    "netIncomeFromContinuingOperations": 381000000,
    "netIncomeFromDiscontinuedOperations": 0,
    "otherAdjustmentsToNetIncome": 0,
    "netIncome": 381000000,
    "netIncomeDeductions": 0,
    "bottomLineNetIncome": 341000000,
    "eps": 0.45,
    "epsDiluted": 0.45,
    "weightedAverageShsOut": 757778000,
    "weightedAverageShsOutDil": 757778000
  },
  {
    "date": "1993-03-31",
    "symbol": "JPM",
    "reportedCurrency": "USD",
    "cik": "0000019617",
    "filingDate": "1993-03-31",
    "acceptedDate": "1993-03-30 19:00:00",
    "fiscalYear": "1993",
    "period": "Q1",
    "revenue": 3049000000,
    "costOfRevenue": 1287000000,
    "grossProfit": 1762000000,
    "researchAndDevelopmentExpenses": 0,
    "generalAndAdministrativeExpenses": 603000000,
    "sellingAndMarketingExpenses": 0,
    "sellingGeneralAndAdministrativeExpenses": 603000000,
    "otherExpenses": 673000000,
    "operatingExpenses": 1276000000,
    "costAndExpenses": 2563000000,
    "netInterestIncome": 1149000000,
    "interestIncome": 2124000000,
    "interestExpense": 975000000,
    "depreciationAndAmortization": 69000000,
    "ebitda": 555000000,
    "ebit": 486000000,
    "nonOperatingIncomeExcludingInterest": 0,
    "operatingIncome": 486000000,
    "totalOtherIncomeExpensesNet": 0,
    "incomeBeforeTax": 486000000,
    "incomeTaxExpense": 147000000,
    "netIncomeFromContinuingOperations": 339000000,
    "netIncomeFromDiscontinuedOperations": 0,
    "otherAdjustmentsToNetIncome": 35000000,
    "netIncome": 374000000,
    "netIncomeDeductions": 0,
    "bottomLineNetIncome": 335000000,
    "eps": 0.46,
    "epsDiluted": 0.46,
    "weightedAverageShsOut": 728261000,
    "weightedAverageShsOutDil": 728261000
  },
  {
    "date": "1992-12-31",
    "symbol": "JPM",
    "reportedCurrency": "USD",
    "cik": "0000019617",
    "filingDate": "1992-12-31",
    "acceptedDate": "1992-12-30 19:00:00",
    "fiscalYear": "1992",
    "period": "Q4",
    "revenue": 2876000000,
    "costOfRevenue": 1268000000,
    "grossProfit": 1608000000,
    "researchAndDevelopmentExpenses": 0,
    "generalAndAdministrativeExpenses": 584000000,
    "sellingAndMarketingExpenses": 0,
    "sellingGeneralAndAdministrativeExpenses": 584000000,
    "otherExpenses": 690000000,
    "operatingExpenses": 1274000000,
    "costAndExpenses": 2542000000,
    "netInterestIncome": 1226000000,
    "interestIncome": 2179000000,
    "interestExpense": 953000000,
    "depreciationAndAmortization": 81000000,
    "ebitda": 415000000,
    "ebit": 334000000,
    "nonOperatingIncomeExcludingInterest": 0,
    "operatingIncome": 334000000,
    "totalOtherIncomeExpensesNet": 0,
    "incomeBeforeTax": 334000000,
    "incomeTaxExpense": 30000000,
    "netIncomeFromContinuingOperations": 304000000,
    "netIncomeFromDiscontinuedOperations": 0,
    "otherAdjustmentsToNetIncome": 0,
    "netIncome": 304000000,
    "netIncomeDeductions": 0,
    "bottomLineNetIncome": 263000000,
    "eps": 0.36,
    "epsDiluted": 0.36,
    "weightedAverageShsOut": 732471000,
    "weightedAverageShsOutDil": 751515000
  },
  {
    "date": "1992-09-30",
    "symbol": "JPM",
    "reportedCurrency": "USD",
    "cik": "0000019617",
    "filingDate": "1992-09-30",
    "acceptedDate": "1992-09-29 20:00:00",
    "fiscalYear": "1992",
    "period": "Q3",
    "revenue": 3031000000,
    "costOfRevenue": 1428000000,
    "grossProfit": 1603000000,
    "researchAndDevelopmentExpenses": 0,
    "generalAndAdministrativeExpenses": 578000000,
    "sellingAndMarketingExpenses": 0,
    "sellingGeneralAndAdministrativeExpenses": 578000000,
    "otherExpenses": 688000000,
    "operatingExpenses": 1266000000,
    "costAndExpenses": 2694000000,
    "netInterestIncome": 1158000000,
    "interestIncome": 2256000000,
    "interestExpense": 1098000000,
    "depreciationAndAmortization": 74000000,
    "ebitda": 411000000,
    "ebit": 337000000,
    "nonOperatingIncomeExcludingInterest": 0,
    "operatingIncome": 337000000,
    "totalOtherIncomeExpensesNet": 0,
    "incomeBeforeTax": 337000000,
    "incomeTaxExpense": 55000000,
    "netIncomeFromContinuingOperations": 282000000,
    "netIncomeFromDiscontinuedOperations": 0,
    "otherAdjustmentsToNetIncome": 0,
    "netIncome": 282000000,
    "netIncomeDeductions": 0,
    "bottomLineNetIncome": 248000000,
    "eps": 0.33,
    "epsDiluted": 0.33,
    "weightedAverageShsOut": 751515000,
    "weightedAverageShsOutDil": 751515000
  },
  {
    "date": "1992-06-30",
    "symbol": "JPM",
    "reportedCurrency": "USD",
    "cik": "0000019617",
    "filingDate": "1992-06-30",
    "acceptedDate": "1992-06-29 20:00:00",
    "fiscalYear": "1992",
    "period": "Q2",
    "revenue": 3036000000,
    "costOfRevenue": 1538000000,
    "grossProfit": 1498000000,
    "researchAndDevelopmentExpenses": 0,
    "generalAndAdministrativeExpenses": 582000000,
    "sellingAndMarketingExpenses": 0,
    "sellingGeneralAndAdministrativeExpenses": 582000000,
    "otherExpenses": 609000000,
    "operatingExpenses": 1191000000,
    "costAndExpenses": 2729000000,
    "netInterestIncome": 1099000000,
    "interestIncome": 2292000000,
    "interestExpense": 1193000000,
    "depreciationAndAmortization": 82000000,
    "ebitda": 389000000,
    "ebit": 307000000,
    "nonOperatingIncomeExcludingInterest": 0,
    "operatingIncome": 307000000,
    "totalOtherIncomeExpensesNet": 0,
    "incomeBeforeTax": 307000000,
    "incomeTaxExpense": 67000000,
    "netIncomeFromContinuingOperations": 240000000,
    "netIncomeFromDiscontinuedOperations": 0,
    "otherAdjustmentsToNetIncome": 0,
    "netIncome": 240000000,
    "netIncomeDeductions": 0,
    "bottomLineNetIncome": 196000000,
    "eps": 0.28,
    "epsDiluted": 0.28,
    "weightedAverageShsOut": 700000000,
    "weightedAverageShsOutDil": 700000000
  },
  {
    "date": "1992-03-31",
    "symbol": "JPM",
    "reportedCurrency": "USD",
    "cik": "0000019617",
    "filingDate": "1992-03-31",
    "acceptedDate": "1992-03-30 19:00:00",
    "fiscalYear": "1992",
    "period": "Q1",
    "revenue": 3231000000,
    "costOfRevenue": 1681000000,
    "grossProfit": 1550000000,
    "researchAndDevelopmentExpenses": 0,
    "generalAndAdministrativeExpenses": 605000000,
    "sellingAndMarketingExpenses": 0,
    "sellingGeneralAndAdministrativeExpenses": 605000000,
    "otherExpenses": 594000000,
    "operatingExpenses": 1199000000,
    "costAndExpenses": 2880000000,
    "netInterestIncome": 1115000000,
    "interestIncome": 2421000000,
    "interestExpense": 1306000000,
    "depreciationAndAmortization": 82000000,
    "ebitda": 433000000,
    "ebit": 351000000,
    "nonOperatingIncomeExcludingInterest": 0,
    "operatingIncome": 351000000,
    "totalOtherIncomeExpensesNet": 0,
    "incomeBeforeTax": 351000000,
    "incomeTaxExpense": 91000000,
    "netIncomeFromContinuingOperations": 260000000,
    "netIncomeFromDiscontinuedOperations": 0,
    "otherAdjustmentsToNetIncome": 0,
    "netIncome": 260000000,
    "netIncomeDeductions": 0,
    "bottomLineNetIncome": 226000000,
    "eps": 0.33,
    "epsDiluted": 0.33,
    "weightedAverageShsOut": 684848000,
    "weightedAverageShsOutDil": 684848000
  },
  {
    "date": "1991-12-31",
    "symbol": "JPM",
    "reportedCurrency": "USD",
    "cik": "0000019617",
    "filingDate": "1991-12-31",
    "acceptedDate": "1991-12-30 19:00:00",
    "fiscalYear": "1991",
    "period": "Q4",
    "revenue": 8824800000,
    "costOfRevenue": 5585800000,
    "grossProfit": 3239000000,
    "researchAndDevelopmentExpenses": 0,
    "generalAndAdministrativeExpenses": 1336200000,
    "sellingAndMarketingExpenses": 0,
    "sellingGeneralAndAdministrativeExpenses": 1336200000,
    "otherExpenses": 1953600000,
    "operatingExpenses": 3289800000,
    "costAndExpenses": 8875600000,
    "netInterestIncome": 2403800000,
    "interestIncome": 7059600000,
    "interestExpense": 4655800000,
    "depreciationAndAmortization": 39000000,
    "ebitda": -11800000,
    "ebit": -50800000,
    "nonOperatingIncomeExcludingInterest": 0,
    "operatingIncome": -50800000,
    "totalOtherIncomeExpensesNet": 0,
    "incomeBeforeTax": -50800000,
    "incomeTaxExpense": 107800000,
    "netIncomeFromContinuingOperations": -158600000,
    "netIncomeFromDiscontinuedOperations": 0,
    "otherAdjustmentsToNetIncome": 0,
    "netIncome": -158600000,
    "netIncomeDeductions": 0,
    "bottomLineNetIncome": -234600000,
    "eps": -0.89,
    "epsDiluted": -0.89,
    "weightedAverageShsOut": 272195000,
    "weightedAverageShsOutDil": 272195000
  },
  {
    "date": "1991-09-30",
    "symbol": "JPM",
    "reportedCurrency": "USD",
    "cik": "0000019617",
    "filingDate": "1991-09-30",
    "acceptedDate": "1991-09-29 20:00:00",
    "fiscalYear": "1991",
    "period": "Q3",
    "revenue": 1787800000,
    "costOfRevenue": 937500000,
    "grossProfit": 850300000,
    "researchAndDevelopmentExpenses": 0,
    "generalAndAdministrativeExpenses": 343400000,
    "sellingAndMarketingExpenses": 0,
    "sellingGeneralAndAdministrativeExpenses": 343400000,
    "otherExpenses": 351600000,
    "operatingExpenses": 695000000,
    "costAndExpenses": 1632500000,
    "netInterestIncome": 588000000,
    "interestIncome": 1380500000,
    "interestExpense": 792500000,
    "depreciationAndAmortization": 46000000,
    "ebitda": 201300000,
    "ebit": 155300000,
    "nonOperatingIncomeExcludingInterest": 0,
    "operatingIncome": 155300000,
    "totalOtherIncomeExpensesNet": 0,
    "incomeBeforeTax": 155300000,
    "incomeTaxExpense": 23700000,
    "netIncomeFromContinuingOperations": 131600000,
    "netIncomeFromDiscontinuedOperations": 0,
    "otherAdjustmentsToNetIncome": 0,
    "netIncome": 131600000,
    "netIncomeDeductions": 0,
    "bottomLineNetIncome": 111600000,
    "eps": 0.41,
    "epsDiluted": 0.41,
    "weightedAverageShsOut": 272195000,
    "weightedAverageShsOutDil": 272195000
  },
  {
    "date": "1991-06-30",
    "symbol": "JPM",
    "reportedCurrency": "USD",
    "cik": "0000019617",
    "filingDate": "1991-06-30",
    "acceptedDate": "1991-06-29 20:00:00",
    "fiscalYear": "1991",
    "period": "Q2",
    "revenue": 1734500000,
    "costOfRevenue": 941000000,
    "grossProfit": 793500000,
    "researchAndDevelopmentExpenses": 0,
    "generalAndAdministrativeExpenses": 346500000,
    "sellingAndMarketingExpenses": 0,
    "sellingGeneralAndAdministrativeExpenses": 346500000,
    "otherExpenses": 336400000,
    "operatingExpenses": 682900000,
    "costAndExpenses": 1623900000,
    "netInterestIncome": 571700000,
    "interestIncome": 1377700000,
    "interestExpense": 806000000,
    "depreciationAndAmortization": 50000000,
    "ebitda": 160600000,
    "ebit": 110600000,
    "nonOperatingIncomeExcludingInterest": 0,
    "operatingIncome": 110600000,
    "totalOtherIncomeExpensesNet": 0,
    "incomeBeforeTax": 110600000,
    "incomeTaxExpense": 16600000,
    "netIncomeFromContinuingOperations": 94000000,
    "netIncomeFromDiscontinuedOperations": 0,
    "otherAdjustmentsToNetIncome": 0,
    "netIncome": 94000000,
    "netIncomeDeductions": 0,
    "bottomLineNetIncome": 75000000,
    "eps": 0.27,
    "epsDiluted": 0.27,
    "weightedAverageShsOut": 277778000,
    "weightedAverageShsOutDil": 277778000
  },
  {
    "date": "1991-03-31",
    "symbol": "JPM",
    "reportedCurrency": "USD",
    "cik": "0000019617",
    "filingDate": "1991-03-31",
    "acceptedDate": "1991-03-30 19:00:00",
    "fiscalYear": "1991",
    "period": "Q1",
    "revenue": 1780900000,
    "costOfRevenue": 1049700000,
    "grossProfit": 731200000,
    "researchAndDevelopmentExpenses": 0,
    "generalAndAdministrativeExpenses": 342900000,
    "sellingAndMarketingExpenses": 0,
    "sellingGeneralAndAdministrativeExpenses": 342900000,
    "otherExpenses": 313400000,
    "operatingExpenses": 656300000,
    "costAndExpenses": 1706000000,
    "netInterestIncome": 549500000,
    "interestIncome": 1464200000,
    "interestExpense": 914700000,
    "depreciationAndAmortization": 57000000,
    "ebitda": 131900000,
    "ebit": 74900000,
    "nonOperatingIncomeExcludingInterest": 0,
    "operatingIncome": 74900000,
    "totalOtherIncomeExpensesNet": 0,
    "incomeBeforeTax": 74900000,
    "incomeTaxExpense": -12100000,
    "netIncomeFromContinuingOperations": 87000000,
    "netIncomeFromDiscontinuedOperations": 0,
    "otherAdjustmentsToNetIncome": 0,
    "netIncome": 87000000,
    "netIncomeDeductions": 0,
    "bottomLineNetIncome": 68000000,
    "eps": 0.25,
    "epsDiluted": 0.25,
    "weightedAverageShsOut": 272000000,
    "weightedAverageShsOutDil": 272000000
  },
  {
    "date": "1990-12-31",
    "symbol": "JPM",
    "reportedCurrency": "USD",
    "cik": "0000019617",
    "filingDate": "1990-12-31",
    "acceptedDate": "1990-12-30 19:00:00",
    "fiscalYear": "1990",
    "period": "Q4",
    "revenue": 1954900000,
    "costOfRevenue": 1215700000,
    "grossProfit": 739200000,
    "researchAndDevelopmentExpenses": 0,
    "generalAndAdministrativeExpenses": 319200000,
    "sellingAndMarketingExpenses": 0,
    "sellingGeneralAndAdministrativeExpenses": 319200000,
    "otherExpenses": 346100000,
    "operatingExpenses": 665300000,
    "costAndExpenses": 1881000000,
    "netInterestIncome": 539500000,
    "interestIncome": 1620200000,
    "interestExpense": 1080700000,
    "depreciationAndAmortization": 60000000,
    "ebitda": 133900000,
    "ebit": 73900000,
    "nonOperatingIncomeExcludingInterest": 0,
    "operatingIncome": 73900000,
    "totalOtherIncomeExpensesNet": 0,
    "incomeBeforeTax": 73900000,
    "incomeTaxExpense": 3800000,
    "netIncomeFromContinuingOperations": 70100000,
    "netIncomeFromDiscontinuedOperations": 0,
    "otherAdjustmentsToNetIncome": 0,
    "netIncome": 70100000,
    "netIncomeDeductions": 0,
    "bottomLineNetIncome": 49100000,
    "eps": 0.16,
    "epsDiluted": 0.16,
    "weightedAverageShsOut": 272444000,
    "weightedAverageShsOutDil": 272609000
  },
  {
    "date": "1990-09-30",
    "symbol": "JPM",
    "reportedCurrency": "USD",
    "cik": "0000019617",
    "filingDate": "1990-09-30",
    "acceptedDate": "1990-09-29 20:00:00",
    "fiscalYear": "1990",
    "period": "Q3",
    "revenue": 1983600000,
    "costOfRevenue": 1377500000,
    "grossProfit": 606100000,
    "researchAndDevelopmentExpenses": 0,
    "generalAndAdministrativeExpenses": 338700000,
    "sellingAndMarketingExpenses": 0,
    "sellingGeneralAndAdministrativeExpenses": 338700000,
    "otherExpenses": 295300000,
    "operatingExpenses": 634000000,
    "costAndExpenses": 2011500000,
    "netInterestIncome": 519000000,
    "interestIncome": 1646500000,
    "interestExpense": 1127500000,
    "depreciationAndAmortization": 66000000,
    "ebitda": 38100000,
    "ebit": -27900000,
    "nonOperatingIncomeExcludingInterest": 0,
    "operatingIncome": -27900000,
    "totalOtherIncomeExpensesNet": 0,
    "incomeBeforeTax": -27900000,
    "incomeTaxExpense": 15800000,
    "netIncomeFromContinuingOperations": -43700000,
    "netIncomeFromDiscontinuedOperations": 0,
    "otherAdjustmentsToNetIncome": 0,
    "netIncome": -43700000,
    "netIncomeDeductions": 0,
    "bottomLineNetIncome": -62700000,
    "eps": -0.23,
    "epsDiluted": -0.23,
    "weightedAverageShsOut": 272609000,
    "weightedAverageShsOutDil": 272609000
  },
  {
    "date": "1990-06-30",
    "symbol": "JPM",
    "reportedCurrency": "USD",
    "cik": "0000019617",
    "filingDate": "1990-06-30",
    "acceptedDate": "1990-06-29 20:00:00",
    "fiscalYear": "1990",
    "period": "Q2",
    "revenue": 1946000000,
    "costOfRevenue": 1179800000,
    "grossProfit": 766200000,
    "researchAndDevelopmentExpenses": 0,
    "generalAndAdministrativeExpenses": 338300000,
    "sellingAndMarketingExpenses": 0,
    "sellingGeneralAndAdministrativeExpenses": 338300000,
    "otherExpenses": 297600000,
    "operatingExpenses": 635900000,
    "costAndExpenses": 1815700000,
    "netInterestIncome": 510200000,
    "interestIncome": 1608000000,
    "interestExpense": 1097800000,
    "depreciationAndAmortization": 56000000,
    "ebitda": 186300000,
    "ebit": 130300000,
    "nonOperatingIncomeExcludingInterest": 0,
    "operatingIncome": 130300000,
    "totalOtherIncomeExpensesNet": 0,
    "incomeBeforeTax": 130300000,
    "incomeTaxExpense": 17200000,
    "netIncomeFromContinuingOperations": 113100000,
    "netIncomeFromDiscontinuedOperations": 0,
    "otherAdjustmentsToNetIncome": 0,
    "netIncome": 113100000,
    "netIncomeDeductions": 0,
    "bottomLineNetIncome": 93100000,
    "eps": 0.34,
    "epsDiluted": 0.34,
    "weightedAverageShsOut": 273824000,
    "weightedAverageShsOutDil": 273824000
  },
  {
    "date": "1990-03-31",
    "symbol": "JPM",
    "reportedCurrency": "USD",
    "cik": "0000019617",
    "filingDate": "1990-03-31",
    "acceptedDate": "1990-03-30 19:00:00",
    "fiscalYear": "1990",
    "period": "Q1",
    "revenue": 2082000000,
    "costOfRevenue": 1223900000,
    "grossProfit": 858100000,
    "researchAndDevelopmentExpenses": 0,
    "generalAndAdministrativeExpenses": 339100000,
    "sellingAndMarketingExpenses": 0,
    "sellingGeneralAndAdministrativeExpenses": 339100000,
    "otherExpenses": 348900000,
    "operatingExpenses": 688000000,
    "costAndExpenses": 1911900000,
    "netInterestIncome": 482400000,
    "interestIncome": 1636300000,
    "interestExpense": 1153900000,
    "depreciationAndAmortization": 54000000,
    "ebitda": 224100000,
    "ebit": 170100000,
    "nonOperatingIncomeExcludingInterest": 0,
    "operatingIncome": 170100000,
    "totalOtherIncomeExpensesNet": 0,
    "incomeBeforeTax": 170100000,
    "incomeTaxExpense": 18400000,
    "netIncomeFromContinuingOperations": 151700000,
    "netIncomeFromDiscontinuedOperations": 0,
    "otherAdjustmentsToNetIncome": 0,
    "netIncome": 151700000,
    "netIncomeDeductions": 0,
    "bottomLineNetIncome": 133700000,
    "eps": 0.42,
    "epsDiluted": 0.42,
    "weightedAverageShsOut": 370441000,
    "weightedAverageShsOutDil": 370441000
  },
  {
    "date": "1989-12-31",
    "symbol": "JPM",
    "reportedCurrency": "USD",
    "cik": "0000019617",
    "filingDate": "1989-12-31",
    "acceptedDate": "1989-12-30 19:00:00",
    "fiscalYear": "1989",
    "period": "Q4",
    "revenue": 0,
    "costOfRevenue": 0,
    "grossProfit": 0,
    "researchAndDevelopmentExpenses": 0,
    "generalAndAdministrativeExpenses": 0,
    "sellingAndMarketingExpenses": 0,
    "sellingGeneralAndAdministrativeExpenses": 0,
    "otherExpenses": 0,
    "operatingExpenses": 0,
    "costAndExpenses": 0,
    "netInterestIncome": 0,
    "interestIncome": 0,
    "interestExpense": 0,
    "depreciationAndAmortization": 0,
    "ebitda": 0,
    "ebit": 0,
    "nonOperatingIncomeExcludingInterest": 0,
    "operatingIncome": 0,
    "totalOtherIncomeExpensesNet": 0,
    "incomeBeforeTax": 0,
    "incomeTaxExpense": 0,
    "netIncomeFromContinuingOperations": 95900000,
    "netIncomeFromDiscontinuedOperations": 0,
    "otherAdjustmentsToNetIncome": 0,
    "netIncome": 95900000,
    "netIncomeDeductions": 0,
    "bottomLineNetIncome": 95900000,
    "eps": 0.28,
    "epsDiluted": 0.28,
    "weightedAverageShsOut": 345358000,
    "weightedAverageShsOutDil": 345358000
  },
  {
    "date": "1989-09-30",
    "symbol": "JPM",
    "reportedCurrency": "USD",
    "cik": "0000019617",
    "filingDate": "1989-09-30",
    "acceptedDate": "1989-09-29 20:00:00",
    "fiscalYear": "1989",
    "period": "Q3",
    "revenue": 0,
    "costOfRevenue": 0,
    "grossProfit": 0,
    "researchAndDevelopmentExpenses": 0,
    "generalAndAdministrativeExpenses": 0,
    "sellingAndMarketingExpenses": 0,
    "sellingGeneralAndAdministrativeExpenses": 0,
    "otherExpenses": 0,
    "operatingExpenses": 0,
    "costAndExpenses": 0,
    "netInterestIncome": 0,
    "interestIncome": 0,
    "interestExpense": 0,
    "depreciationAndAmortization": 0,
    "ebitda": 0,
    "ebit": 0,
    "nonOperatingIncomeExcludingInterest": 0,
    "operatingIncome": 0,
    "totalOtherIncomeExpensesNet": 0,
    "incomeBeforeTax": 0,
    "incomeTaxExpense": 0,
    "netIncomeFromContinuingOperations": -824600000,
    "netIncomeFromDiscontinuedOperations": 0,
    "otherAdjustmentsToNetIncome": 0,
    "netIncome": -824600000,
    "netIncomeDeductions": 0,
    "bottomLineNetIncome": -824600000,
    "eps": -2.58,
    "epsDiluted": -2.58,
    "weightedAverageShsOut": 319346000,
    "weightedAverageShsOutDil": 319346000
  },
  {
    "date": "1989-06-30",
    "symbol": "JPM",
    "reportedCurrency": "USD",
    "cik": "0000019617",
    "filingDate": "1989-06-30",
    "acceptedDate": "1989-06-29 20:00:00",
    "fiscalYear": "1989",
    "period": "Q2",
    "revenue": 0,
    "costOfRevenue": 0,
    "grossProfit": 0,
    "researchAndDevelopmentExpenses": 0,
    "generalAndAdministrativeExpenses": 0,
    "sellingAndMarketingExpenses": 0,
    "sellingGeneralAndAdministrativeExpenses": 0,
    "otherExpenses": 0,
    "operatingExpenses": 0,
    "costAndExpenses": 0,
    "netInterestIncome": 0,
    "interestIncome": 0,
    "interestExpense": 0,
    "depreciationAndAmortization": 0,
    "ebitda": 0,
    "ebit": 0,
    "nonOperatingIncomeExcludingInterest": 0,
    "operatingIncome": 0,
    "totalOtherIncomeExpensesNet": 0,
    "incomeBeforeTax": 0,
    "incomeTaxExpense": 0,
    "netIncomeFromContinuingOperations": 128600000,
    "netIncomeFromDiscontinuedOperations": 0,
    "otherAdjustmentsToNetIncome": 0,
    "netIncome": 128600000,
    "netIncomeDeductions": 0,
    "bottomLineNetIncome": 128600000,
    "eps": 0.4,
    "epsDiluted": 0.4,
    "weightedAverageShsOut": 319346000,
    "weightedAverageShsOutDil": 319346000
  },
  {
    "date": "1989-03-31",
    "symbol": "JPM",
    "reportedCurrency": "USD",
    "cik": "0000019617",
    "filingDate": "1989-03-31",
    "acceptedDate": "1989-03-30 19:00:00",
    "fiscalYear": "1989",
    "period": "Q1",
    "revenue": 0,
    "costOfRevenue": 0,
    "grossProfit": 0,
    "researchAndDevelopmentExpenses": 0,
    "generalAndAdministrativeExpenses": 0,
    "sellingAndMarketingExpenses": 0,
    "sellingGeneralAndAdministrativeExpenses": 0,
    "otherExpenses": 0,
    "operatingExpenses": 0,
    "costAndExpenses": 0,
    "netInterestIncome": 0,
    "interestIncome": 0,
    "interestExpense": 0,
    "depreciationAndAmortization": 0,
    "ebitda": 0,
    "ebit": 0,
    "nonOperatingIncomeExcludingInterest": 0,
    "operatingIncome": 0,
    "totalOtherIncomeExpensesNet": 0,
    "incomeBeforeTax": 0,
    "incomeTaxExpense": 0,
    "netIncomeFromContinuingOperations": 117900000,
    "netIncomeFromDiscontinuedOperations": 0,
    "otherAdjustmentsToNetIncome": 0,
    "netIncome": 117900000,
    "netIncomeDeductions": 0,
    "bottomLineNetIncome": 117900000,
    "eps": 0.37,
    "epsDiluted": 0.37,
    "weightedAverageShsOut": 319346000,
    "weightedAverageShsOutDil": 319346000
  },
  {
    "date": "1988-12-31",
    "symbol": "JPM",
    "reportedCurrency": "USD",
    "cik": "0000019617",
    "filingDate": "1988-12-31",
    "acceptedDate": "1988-12-30 19:00:00",
    "fiscalYear": "1988",
    "period": "Q4",
    "revenue": 0,
    "costOfRevenue": 0,
    "grossProfit": 0,
    "researchAndDevelopmentExpenses": 0,
    "generalAndAdministrativeExpenses": 0,
    "sellingAndMarketingExpenses": 0,
    "sellingGeneralAndAdministrativeExpenses": 0,
    "otherExpenses": 0,
    "operatingExpenses": 0,
    "costAndExpenses": 0,
    "netInterestIncome": 0,
    "interestIncome": 0,
    "interestExpense": 0,
    "depreciationAndAmortization": 0,
    "ebitda": 0,
    "ebit": 0,
    "nonOperatingIncomeExcludingInterest": 0,
    "operatingIncome": 0,
    "totalOtherIncomeExpensesNet": 0,
    "incomeBeforeTax": 0,
    "incomeTaxExpense": 0,
    "netIncomeFromContinuingOperations": 288500000,
    "netIncomeFromDiscontinuedOperations": 0,
    "otherAdjustmentsToNetIncome": 0,
    "netIncome": 288500000,
    "netIncomeDeductions": 0,
    "bottomLineNetIncome": 288500000,
    "eps": 0.98,
    "epsDiluted": 0.98,
    "weightedAverageShsOut": 293334000,
    "weightedAverageShsOutDil": 293334000
  },
  {
    "date": "1988-09-30",
    "symbol": "JPM",
    "reportedCurrency": "USD",
    "cik": "0000019617",
    "filingDate": "1988-09-30",
    "acceptedDate": "1988-09-29 20:00:00",
    "fiscalYear": "1988",
    "period": "Q3",
    "revenue": 0,
    "costOfRevenue": 0,
    "grossProfit": 0,
    "researchAndDevelopmentExpenses": 0,
    "generalAndAdministrativeExpenses": 0,
    "sellingAndMarketingExpenses": 0,
    "sellingGeneralAndAdministrativeExpenses": 0,
    "otherExpenses": 0,
    "operatingExpenses": 0,
    "costAndExpenses": 0,
    "netInterestIncome": 0,
    "interestIncome": 0,
    "interestExpense": 0,
    "depreciationAndAmortization": 0,
    "ebitda": 0,
    "ebit": 0,
    "nonOperatingIncomeExcludingInterest": 0,
    "operatingIncome": 0,
    "totalOtherIncomeExpensesNet": 0,
    "incomeBeforeTax": 0,
    "incomeTaxExpense": 0,
    "netIncomeFromContinuingOperations": 211900000,
    "netIncomeFromDiscontinuedOperations": 0,
    "otherAdjustmentsToNetIncome": 0,
    "netIncome": 211900000,
    "netIncomeDeductions": 0,
    "bottomLineNetIncome": 211900000,
    "eps": 0.76,
    "epsDiluted": 0.76,
    "weightedAverageShsOut": 279445000,
    "weightedAverageShsOutDil": 279445000
  },
  {
    "date": "1988-06-30",
    "symbol": "JPM",
    "reportedCurrency": "USD",
    "cik": "0000019617",
    "filingDate": "1988-06-30",
    "acceptedDate": "1988-06-29 20:00:00",
    "fiscalYear": "1988",
    "period": "Q2",
    "revenue": 0,
    "costOfRevenue": 0,
    "grossProfit": 0,
    "researchAndDevelopmentExpenses": 0,
    "generalAndAdministrativeExpenses": 0,
    "sellingAndMarketingExpenses": 0,
    "sellingGeneralAndAdministrativeExpenses": 0,
    "otherExpenses": 0,
    "operatingExpenses": 0,
    "costAndExpenses": 0,
    "netInterestIncome": 0,
    "interestIncome": 0,
    "interestExpense": 0,
    "depreciationAndAmortization": 0,
    "ebitda": 0,
    "ebit": 0,
    "nonOperatingIncomeExcludingInterest": 0,
    "operatingIncome": 0,
    "totalOtherIncomeExpensesNet": 0,
    "incomeBeforeTax": 0,
    "incomeTaxExpense": 0,
    "netIncomeFromContinuingOperations": 127700000,
    "netIncomeFromDiscontinuedOperations": 0,
    "otherAdjustmentsToNetIncome": 0,
    "netIncome": 127700000,
    "netIncomeDeductions": 0,
    "bottomLineNetIncome": 127700000,
    "eps": 0.46,
    "epsDiluted": 0.46,
    "weightedAverageShsOut": 279445000,
    "weightedAverageShsOutDil": 279445000
  },
  {
    "date": "1988-03-31",
    "symbol": "JPM",
    "reportedCurrency": "USD",
    "cik": "0000019617",
    "filingDate": "1988-03-31",
    "acceptedDate": "1988-03-30 19:00:00",
    "fiscalYear": "1988",
    "period": "Q1",
    "revenue": 0,
    "costOfRevenue": 0,
    "grossProfit": 0,
    "researchAndDevelopmentExpenses": 0,
    "generalAndAdministrativeExpenses": 0,
    "sellingAndMarketingExpenses": 0,
    "sellingGeneralAndAdministrativeExpenses": 0,
    "otherExpenses": 0,
    "operatingExpenses": 0,
    "costAndExpenses": 0,
    "netInterestIncome": 0,
    "interestIncome": 0,
    "interestExpense": 0,
    "depreciationAndAmortization": 0,
    "ebitda": 0,
    "ebit": 0,
    "nonOperatingIncomeExcludingInterest": 0,
    "operatingIncome": 0,
    "totalOtherIncomeExpensesNet": 0,
    "incomeBeforeTax": 0,
    "incomeTaxExpense": 0,
    "netIncomeFromContinuingOperations": 125500000,
    "netIncomeFromDiscontinuedOperations": 0,
    "otherAdjustmentsToNetIncome": 0,
    "netIncome": 125500000,
    "netIncomeDeductions": 0,
    "bottomLineNetIncome": 125500000,
    "eps": 0.45,
    "epsDiluted": 0.45,
    "weightedAverageShsOut": 279445000,
    "weightedAverageShsOutDil": 279445000
  },
  {
    "date": "1987-12-31",
    "symbol": "JPM",
    "reportedCurrency": "USD",
    "cik": "0000019617",
    "filingDate": "1987-12-31",
    "acceptedDate": "1987-12-30 19:00:00",
    "fiscalYear": "1987",
    "period": "Q4",
    "revenue": 0,
    "costOfRevenue": 0,
    "grossProfit": 0,
    "researchAndDevelopmentExpenses": 0,
    "generalAndAdministrativeExpenses": 0,
    "sellingAndMarketingExpenses": 0,
    "sellingGeneralAndAdministrativeExpenses": 0,
    "otherExpenses": 0,
    "operatingExpenses": 0,
    "costAndExpenses": 0,
    "netInterestIncome": 0,
    "interestIncome": 0,
    "interestExpense": 0,
    "depreciationAndAmortization": 0,
    "ebitda": 0,
    "ebit": 0,
    "nonOperatingIncomeExcludingInterest": 0,
    "operatingIncome": 0,
    "totalOtherIncomeExpensesNet": 0,
    "incomeBeforeTax": 0,
    "incomeTaxExpense": 0,
    "netIncomeFromContinuingOperations": 229600000,
    "netIncomeFromDiscontinuedOperations": 0,
    "otherAdjustmentsToNetIncome": 0,
    "netIncome": 229600000,
    "netIncomeDeductions": 0,
    "bottomLineNetIncome": 229600000,
    "eps": 0.86,
    "epsDiluted": 0.86,
    "weightedAverageShsOut": 265556000,
    "weightedAverageShsOutDil": 265556000
  },
  {
    "date": "1987-09-30",
    "symbol": "JPM",
    "reportedCurrency": "USD",
    "cik": "0000019617",
    "filingDate": "1987-09-30",
    "acceptedDate": "1987-09-29 20:00:00",
    "fiscalYear": "1987",
    "period": "Q3",
    "revenue": 0,
    "costOfRevenue": 0,
    "grossProfit": 0,
    "researchAndDevelopmentExpenses": 0,
    "generalAndAdministrativeExpenses": 0,
    "sellingAndMarketingExpenses": 0,
    "sellingGeneralAndAdministrativeExpenses": 0,
    "otherExpenses": 0,
    "operatingExpenses": 0,
    "costAndExpenses": 0,
    "netInterestIncome": 0,
    "interestIncome": 0,
    "interestExpense": 0,
    "depreciationAndAmortization": 0,
    "ebitda": 0,
    "ebit": 0,
    "nonOperatingIncomeExcludingInterest": 0,
    "operatingIncome": 0,
    "totalOtherIncomeExpensesNet": 0,
    "incomeBeforeTax": 0,
    "incomeTaxExpense": 0,
    "netIncomeFromContinuingOperations": -66400000,
    "netIncomeFromDiscontinuedOperations": 0,
    "otherAdjustmentsToNetIncome": 0,
    "netIncome": -66400000,
    "netIncomeDeductions": 0,
    "bottomLineNetIncome": -66400000,
    "eps": -0.37,
    "epsDiluted": -0.37,
    "weightedAverageShsOut": 163352000,
    "weightedAverageShsOutDil": 163352000
  },
  {
    "date": "1987-06-30",
    "symbol": "JPM",
    "reportedCurrency": "USD",
    "cik": "0000019617",
    "filingDate": "1987-06-30",
    "acceptedDate": "1987-06-29 20:00:00",
    "fiscalYear": "1987",
    "period": "Q2",
    "revenue": 0,
    "costOfRevenue": 0,
    "grossProfit": 0,
    "researchAndDevelopmentExpenses": 0,
    "generalAndAdministrativeExpenses": 0,
    "sellingAndMarketingExpenses": 0,
    "sellingGeneralAndAdministrativeExpenses": 0,
    "otherExpenses": 0,
    "operatingExpenses": 0,
    "costAndExpenses": 0,
    "netInterestIncome": 0,
    "interestIncome": 0,
    "interestExpense": 0,
    "depreciationAndAmortization": 0,
    "ebitda": 0,
    "ebit": 0,
    "nonOperatingIncomeExcludingInterest": 0,
    "operatingIncome": 0,
    "totalOtherIncomeExpensesNet": 0,
    "incomeBeforeTax": 0,
    "incomeTaxExpense": 0,
    "netIncomeFromContinuingOperations": -1103100000,
    "netIncomeFromDiscontinuedOperations": 0,
    "otherAdjustmentsToNetIncome": 0,
    "netIncome": -1103100000,
    "netIncomeDeductions": 0,
    "bottomLineNetIncome": -1103100000,
    "eps": -7.12,
    "epsDiluted": -7.12,
    "weightedAverageShsOut": 162771000,
    "weightedAverageShsOutDil": 162771000
  },
  {
    "date": "1987-03-31",
    "symbol": "JPM",
    "reportedCurrency": "USD",
    "cik": "0000019617",
    "filingDate": "1987-03-31",
    "acceptedDate": "1987-03-30 19:00:00",
    "fiscalYear": "1987",
    "period": "Q1",
    "revenue": 0,
    "costOfRevenue": 0,
    "grossProfit": 0,
    "researchAndDevelopmentExpenses": 0,
    "generalAndAdministrativeExpenses": 0,
    "sellingAndMarketingExpenses": 0,
    "sellingGeneralAndAdministrativeExpenses": 0,
    "otherExpenses": 0,
    "operatingExpenses": 0,
    "costAndExpenses": 0,
    "netInterestIncome": 0,
    "interestIncome": 0,
    "interestExpense": 0,
    "depreciationAndAmortization": 0,
    "ebitda": 0,
    "ebit": 0,
    "nonOperatingIncomeExcludingInterest": 0,
    "operatingIncome": 0,
    "totalOtherIncomeExpensesNet": 0,
    "incomeBeforeTax": 0,
    "incomeTaxExpense": 0,
    "netIncomeFromContinuingOperations": 86200000,
    "netIncomeFromDiscontinuedOperations": 0,
    "otherAdjustmentsToNetIncome": 0,
    "netIncome": 86200000,
    "netIncomeDeductions": 0,
    "bottomLineNetIncome": 86200000,
    "eps": 0.53,
    "epsDiluted": 0.53,
    "weightedAverageShsOut": 152498000,
    "weightedAverageShsOutDil": 152498000
  },
  {
    "date": "1986-12-31",
    "symbol": "JPM",
    "reportedCurrency": "USD",
    "cik": "0000019617",
    "filingDate": "1986-12-31",
    "acceptedDate": "1986-12-30 19:00:00",
    "fiscalYear": "1986",
    "period": "Q4",
    "revenue": 0,
    "costOfRevenue": 0,
    "grossProfit": 0,
    "researchAndDevelopmentExpenses": 0,
    "generalAndAdministrativeExpenses": 0,
    "sellingAndMarketingExpenses": 0,
    "sellingGeneralAndAdministrativeExpenses": 0,
    "otherExpenses": 0,
    "operatingExpenses": 0,
    "costAndExpenses": 0,
    "netInterestIncome": 0,
    "interestIncome": 0,
    "interestExpense": 0,
    "depreciationAndAmortization": 0,
    "ebitda": 0,
    "ebit": 0,
    "nonOperatingIncomeExcludingInterest": 0,
    "operatingIncome": 0,
    "totalOtherIncomeExpensesNet": 0,
    "incomeBeforeTax": 0,
    "incomeTaxExpense": 0,
    "netIncomeFromContinuingOperations": 102400000,
    "netIncomeFromDiscontinuedOperations": 0,
    "otherAdjustmentsToNetIncome": 0,
    "netIncome": 102400000,
    "netIncomeDeductions": 0,
    "bottomLineNetIncome": 102400000,
    "eps": 0.68,
    "epsDiluted": 0.68,
    "weightedAverageShsOut": 150096000,
    "weightedAverageShsOutDil": 150096000
  },
  {
    "date": "1986-09-30",
    "symbol": "JPM",
    "reportedCurrency": "USD",
    "cik": "0000019617",
    "filingDate": "1986-09-30",
    "acceptedDate": "1986-09-29 20:00:00",
    "fiscalYear": "1986",
    "period": "Q3",
    "revenue": 0,
    "costOfRevenue": 0,
    "grossProfit": 0,
    "researchAndDevelopmentExpenses": 0,
    "generalAndAdministrativeExpenses": 0,
    "sellingAndMarketingExpenses": 0,
    "sellingGeneralAndAdministrativeExpenses": 0,
    "otherExpenses": 0,
    "operatingExpenses": 0,
    "costAndExpenses": 0,
    "netInterestIncome": 0,
    "interestIncome": 0,
    "interestExpense": 0,
    "depreciationAndAmortization": 0,
    "ebitda": 0,
    "ebit": 0,
    "nonOperatingIncomeExcludingInterest": 0,
    "operatingIncome": 0,
    "totalOtherIncomeExpensesNet": 0,
    "incomeBeforeTax": 0,
    "incomeTaxExpense": 0,
    "netIncomeFromContinuingOperations": 99100000,
    "netIncomeFromDiscontinuedOperations": 0,
    "otherAdjustmentsToNetIncome": 0,
    "netIncome": 99100000,
    "netIncomeDeductions": 0,
    "bottomLineNetIncome": 99100000,
    "eps": 0.63,
    "epsDiluted": 0.61,
    "weightedAverageShsOut": 148510000,
    "weightedAverageShsOutDil": 148510000
  },
  {
    "date": "1986-06-30",
    "symbol": "JPM",
    "reportedCurrency": "USD",
    "cik": "0000019617",
    "filingDate": "1986-06-30",
    "acceptedDate": "1986-06-29 20:00:00",
    "fiscalYear": "1986",
    "period": "Q2",
    "revenue": 0,
    "costOfRevenue": 0,
    "grossProfit": 0,
    "researchAndDevelopmentExpenses": 0,
    "generalAndAdministrativeExpenses": 0,
    "sellingAndMarketingExpenses": 0,
    "sellingGeneralAndAdministrativeExpenses": 0,
    "otherExpenses": 0,
    "operatingExpenses": 0,
    "costAndExpenses": 0,
    "netInterestIncome": 0,
    "interestIncome": 0,
    "interestExpense": 0,
    "depreciationAndAmortization": 0,
    "ebitda": 0,
    "ebit": 0,
    "nonOperatingIncomeExcludingInterest": 0,
    "operatingIncome": 0,
    "totalOtherIncomeExpensesNet": 0,
    "incomeBeforeTax": 0,
    "incomeTaxExpense": 0,
    "netIncomeFromContinuingOperations": 98300000,
    "netIncomeFromDiscontinuedOperations": 0,
    "otherAdjustmentsToNetIncome": 0,
    "netIncome": 98300000,
    "netIncomeDeductions": 0,
    "bottomLineNetIncome": 98300000,
    "eps": 0.62,
    "epsDiluted": 0.61,
    "weightedAverageShsOut": 148603000,
    "weightedAverageShsOutDil": 148603000
  },
  {
    "date": "1986-03-31",
    "symbol": "JPM",
    "reportedCurrency": "USD",
    "cik": "0000019617",
    "filingDate": "1986-03-31",
    "acceptedDate": "1986-03-30 19:00:00",
    "fiscalYear": "1986",
    "period": "Q1",
    "revenue": 0,
    "costOfRevenue": 0,
    "grossProfit": 0,
    "researchAndDevelopmentExpenses": 0,
    "generalAndAdministrativeExpenses": 0,
    "sellingAndMarketingExpenses": 0,
    "sellingGeneralAndAdministrativeExpenses": 0,
    "otherExpenses": 0,
    "operatingExpenses": 0,
    "costAndExpenses": 0,
    "netInterestIncome": 0,
    "interestIncome": 0,
    "interestExpense": 0,
    "depreciationAndAmortization": 0,
    "ebitda": 0,
    "ebit": 0,
    "nonOperatingIncomeExcludingInterest": 0,
    "operatingIncome": 0,
    "totalOtherIncomeExpensesNet": 0,
    "incomeBeforeTax": 0,
    "incomeTaxExpense": 0,
    "netIncomeFromContinuingOperations": 102600000,
    "netIncomeFromDiscontinuedOperations": 0,
    "otherAdjustmentsToNetIncome": 0,
    "netIncome": 102600000,
    "netIncomeDeductions": 0,
    "bottomLineNetIncome": 102600000,
    "eps": 0.65,
    "epsDiluted": 0.63,
    "weightedAverageShsOut": 147943000,
    "weightedAverageShsOutDil": 147943000
  },
  {
    "date": "1985-12-31",
    "symbol": "JPM",
    "reportedCurrency": "USD",
    "cik": "0000019617",
    "filingDate": "1985-12-31",
    "acceptedDate": "1985-12-30 19:00:00",
    "fiscalYear": "1985",
    "period": "Q4",
    "revenue": 0,
    "costOfRevenue": 0,
    "grossProfit": 0,
    "researchAndDevelopmentExpenses": 0,
    "generalAndAdministrativeExpenses": 0,
    "sellingAndMarketingExpenses": 0,
    "sellingGeneralAndAdministrativeExpenses": 0,
    "otherExpenses": 0,
    "operatingExpenses": 0,
    "costAndExpenses": 0,
    "netInterestIncome": 0,
    "interestIncome": 0,
    "interestExpense": 0,
    "depreciationAndAmortization": 0,
    "ebitda": 0,
    "ebit": 0,
    "nonOperatingIncomeExcludingInterest": 0,
    "operatingIncome": 0,
    "totalOtherIncomeExpensesNet": 0,
    "incomeBeforeTax": 0,
    "incomeTaxExpense": 0,
    "netIncomeFromContinuingOperations": 97600000,
    "netIncomeFromDiscontinuedOperations": 0,
    "otherAdjustmentsToNetIncome": 0,
    "netIncome": 97600000,
    "netIncomeDeductions": 0,
    "bottomLineNetIncome": 97600000,
    "eps": 0.67,
    "epsDiluted": 0.67,
    "weightedAverageShsOut": 146696000,
    "weightedAverageShsOutDil": 146696000
  },
  {
    "date": "1985-09-30",
    "symbol": "JPM",
    "reportedCurrency": "USD",
    "cik": "0000019617",
    "filingDate": "1985-09-30",
    "acceptedDate": "1985-09-29 20:00:00",
    "fiscalYear": "1985",
    "period": "Q3",
    "revenue": 0,
    "costOfRevenue": 0,
    "grossProfit": 0,
    "researchAndDevelopmentExpenses": 0,
    "generalAndAdministrativeExpenses": 0,
    "sellingAndMarketingExpenses": 0,
    "sellingGeneralAndAdministrativeExpenses": 0,
    "otherExpenses": 0,
    "operatingExpenses": 0,
    "costAndExpenses": 0,
    "netInterestIncome": 0,
    "interestIncome": 0,
    "interestExpense": 0,
    "depreciationAndAmortization": 0,
    "ebitda": 0,
    "ebit": 0,
    "nonOperatingIncomeExcludingInterest": 0,
    "operatingIncome": 0,
    "totalOtherIncomeExpensesNet": 0,
    "incomeBeforeTax": 0,
    "incomeTaxExpense": 0,
    "netIncomeFromContinuingOperations": 95600000,
    "netIncomeFromDiscontinuedOperations": 0,
    "otherAdjustmentsToNetIncome": 0,
    "netIncome": 95600000,
    "netIncomeDeductions": 0,
    "bottomLineNetIncome": 95600000,
    "eps": 0.6,
    "epsDiluted": 0.59,
    "weightedAverageShsOut": 145817000,
    "weightedAverageShsOutDil": 145817000
  }
]