[
  {
    "date": "2025-11-23",
    "symbol": "COST",
    "reportedCurrency": "USD",
    "cik": "0000909832",
    "filingDate": "2025-12-17",
    "acceptedDate": "2025-12-17 17:12:42",
    "fiscalYear": "2026",
    "period": "Q1",
    "revenue": 67307000000,
    "costOfRevenue": 58510000000,
    "grossProfit": 8797000000,
    "researchAndDevelopmentExpenses": 0,
    "generalAndAdministrativeExpenses": 0,
    "sellingAndMarketingExpenses": 0,
    "sellingGeneralAndAdministrativeExpenses": 6334000000,
    "otherExpenses": 0,
    "operatingExpenses": 6334000000,
    "costAndExpenses": 64844000000,
    "netInterestIncome": 95000000,
    "interestIncome": 130000000,
    "interestExpense": 35000000,
    "depreciationAndAmortization": 597000000,
    "ebitda": 3215000000,
    "ebit": 2618000000,
    "nonOperatingIncomeExcludingInterest": -155000000,
    "operatingIncome": 2463000000,
    "totalOtherIncomeExpensesNet": 120000000,
    "incomeBeforeTax": 2583000000,
    "incomeTaxExpense": 582000000,
    "netIncomeFromContinuingOperations": 2001000000,
    "netIncomeFromDiscontinuedOperations": 0,
    "otherAdjustmentsToNetIncome": 0,
    "netIncome": 2001000000,
    "netIncomeDeductions": 0,
    "bottomLineNetIncome": 2001000000,
    "eps": 4.51,
    "epsDiluted": 4.5,
    "weightedAverageShsOut": 443961000,
    "weightedAverageShsOutDil": 444515000
  },
  {
    "date": "2025-08-31",
    "symbol": "COST",
    "reportedCurrency": "USD",
    "cik": "0000909832",
    "filingDate": "2025-10-08",
    "acceptedDate": "2025-10-07 21:16:06",
    "fiscalYear": "2025",
    "period": "Q4",
    "revenue": 86156000000,
    "costOfRevenue": 75037000000,
    "grossProfit": 11119000000,
    "researchAndDevelopmentExpenses": 0,
    "generalAndAdministrativeExpenses": 0,
    "sellingAndMarketingExpenses": 0,
    "sellingGeneralAndAdministrativeExpenses": 7778000000,
    "otherExpenses": 0,
    "operatingExpenses": 7778000000,
    "costAndExpenses": 82815000000,
    "netInterestIncome": 134000000,
    "interestIncome": 180000000,
    "interestExpense": 46000000,
    "depreciationAndAmortization": 774000000,
    "ebitda": 4330000000,
    "ebit": 3556000000,
    "nonOperatingIncomeExcludingInterest": -215000000,
    "operatingIncome": 3341000000,
    "totalOtherIncomeExpensesNet": 169000000,
    "incomeBeforeTax": 3510000000,
    "incomeTaxExpense": 900000000,
    "netIncomeFromContinuingOperations": 2610000000,
    "netIncomeFromDiscontinuedOperations": 0,
    "otherAdjustmentsToNetIncome": 0,
    "netIncome": 2610000000,
    "netIncomeDeductions": 0,
    "bottomLineNetIncome": 2610000000,
    "eps": 5.88,
    "epsDiluted": 5.87,
    "weightedAverageShsOut": 444007000,
    "weightedAverageShsOutDil": 444706000
  },
  {
    "date": "2025-05-11",
    "symbol": "COST",
    "reportedCurrency": "USD",
    "cik": "0000909832",
    "filingDate": "2025-06-05",
    "acceptedDate": "2025-06-04 19:10:00",
    "fiscalYear": "2025",
    "period": "Q3",
    "revenue": 63205000000,
    "costOfRevenue": 54996000000,
    "grossProfit": 8209000000,
    "researchAndDevelopmentExpenses": 0,
    "generalAndAdministrativeExpenses": 0,
    "sellingAndMarketingExpenses": 0,
    "sellingGeneralAndAdministrativeExpenses": 5679000000,
    "otherExpenses": 0,
    "operatingExpenses": 5679000000,
    "costAndExpenses": 60675000000,
    "netInterestIncome": 60000000,
    "interestIncome": 95000000,
    "interestExpense": 35000000,
    "depreciationAndAmortization": 552000000,
    "ebitda": 3167000000,
    "ebit": 2615000000,
    "nonOperatingIncomeExcludingInterest": -85000000,
    "operatingIncome": 2530000000,
    "totalOtherIncomeExpensesNet": 50000000,
    "incomeBeforeTax": 2580000000,
    "incomeTaxExpense": 677000000,
    "netIncomeFromContinuingOperations": 1903000000,
    "netIncomeFromDiscontinuedOperations": 0,
    "otherAdjustmentsToNetIncome": 0,
    "netIncome": 1903000000,
    "netIncomeDeductions": 0,
    "bottomLineNetIncome": 1903000000,
    "eps": 4.29,
    "epsDiluted": 4.28,
    "weightedAverageShsOut": 443958000,
    "weightedAverageShsOutDil": 444762000
  },
  {
    "date": "2025-02-16",
    "symbol": "COST",
    "reportedCurrency": "USD",
    "cik": "0000909832",
    "filingDate": "2025-03-13",
    "acceptedDate": "2025-03-12 17:34:37",
    "fiscalYear": "2025",
    "period": "Q2",
    "revenue": 63723000000,
    "costOfRevenue": 55744000000,
    "grossProfit": 7979000000,
    "researchAndDevelopmentExpenses": 0,
    "generalAndAdministrativeExpenses": 0,
    "sellingAndMarketingExpenses": 0,
    "sellingGeneralAndAdministrativeExpenses": 5663000000,
    "otherExpenses": 0,
    "operatingExpenses": 5663000000,
    "costAndExpenses": 61407000000,
    "netInterestIncome": 73000000,
    "interestIncome": 109000000,
    "interestExpense": 36000000,
    "depreciationAndAmortization": 552000000,
    "ebitda": 3010000000,
    "ebit": 2458000000,
    "nonOperatingIncomeExcludingInterest": -142000000,
    "operatingIncome": 2316000000,
    "totalOtherIncomeExpensesNet": 106000000,
    "incomeBeforeTax": 2422000000,
    "incomeTaxExpense": 634000000,
    "netIncomeFromContinuingOperations": 1788000000,
    "netIncomeFromDiscontinuedOperations": 0,
    "otherAdjustmentsToNetIncome": 0,
    "netIncome": 1788000000,
    "netIncomeDeductions": 0,
    "bottomLineNetIncome": 1788000000,
    "eps": 4.03,
    "epsDiluted": 4.02,
    "weightedAverageShsOut": 443982000,
    "weightedAverageShsOutDil": 444886000
  },
  {
    "date": "2024-11-24",
    "symbol": "COST",
    "reportedCurrency": "USD",
    "cik": "0000909832",
    "filingDate": "2024-12-19",
    "acceptedDate": "2024-12-18 18:09:53",
    "fiscalYear": "2025",
    "period": "Q1",
    "revenue": 62151000000,
    "costOfRevenue": 54109000000,
    "grossProfit": 8042000000,
    "researchAndDevelopmentExpenses": 0,
    "generalAndAdministrativeExpenses": 0,
    "sellingAndMarketingExpenses": 0,
    "sellingGeneralAndAdministrativeExpenses": 5846000000,
    "otherExpenses": 0,
    "operatingExpenses": 5846000000,
    "costAndExpenses": 59955000000,
    "netInterestIncome": 59000000,
    "interestIncome": 96000000,
    "interestExpense": 37000000,
    "depreciationAndAmortization": 548000000,
    "ebitda": 2891000000,
    "ebit": 2343000000,
    "nonOperatingIncomeExcludingInterest": -147000000,
    "operatingIncome": 2196000000,
    "totalOtherIncomeExpensesNet": 110000000,
    "incomeBeforeTax": 2306000000,
    "incomeTaxExpense": 508000000,
    "netIncomeFromContinuingOperations": 1798000000,
    "netIncomeFromDiscontinuedOperations": 0,
    "otherAdjustmentsToNetIncome": 0,
    "netIncome": 1798000000,
    "netIncomeDeductions": 0,
    "bottomLineNetIncome": 1798000000,
    "eps": 4.05,
    "epsDiluted": 4.04,
    "weightedAverageShsOut": 444013000,
    "weightedAverageShsOutDil": 444977000
  },
  {
    "date": "2024-09-01",
    "symbol": "COST",
    "reportedCurrency": "USD",
    "cik": "0000909832",
    "filingDate": "2024-10-09",
    "acceptedDate": "2024-10-08 18:40:07",
    "fiscalYear": "2024",
    "period": "Q4",
    "revenue": 79697000000,
    "costOfRevenue": 69588000000,
    "grossProfit": 10109000000,
    "researchAndDevelopmentExpenses": 0,
    "generalAndAdministrativeExpenses": 0,
    "sellingAndMarketingExpenses": 0,
    "sellingGeneralAndAdministrativeExpenses": 7067000000,
    "otherExpenses": 0,
    "operatingExpenses": 7067000000,
    "costAndExpenses": 76655000000,
    "netInterestIncome": 89000000,
    "interestIncome": 138000000,
    "interestExpense": 49000000,
    "depreciationAndAmortization": 706000000,
    "ebitda": 3868000000,
    "ebit": 3162000000,
    "nonOperatingIncomeExcludingInterest": -120000000,
    "operatingIncome": 3042000000,
    "totalOtherIncomeExpensesNet": 71000000,
    "incomeBeforeTax": 3113000000,
    "incomeTaxExpense": 759000000,
    "netIncomeFromContinuingOperations": 2354000000,
    "netIncomeFromDiscontinuedOperations": 0,
    "otherAdjustmentsToNetIncome": 0,
    "netIncome": 2354000000,
    "netIncomeDeductions": 0,
    "bottomLineNetIncome": 2354000000,
    "eps": 5.3,
    "epsDiluted": 5.29,
    "weightedAverageShsOut": 444013000,
    "weightedAverageShsOutDil": 444977000
  },
  {
    "date": "2024-05-12",
    "symbol": "COST",
    "reportedCurrency": "USD",
    "cik": "0000909832",
    "filingDate": "2024-06-06",
    "acceptedDate": "2024-06-05 18:12:29",
    "fiscalYear": "2024",
    "period": "Q3",
    "revenue": 58515000000,
    "costOfRevenue": 51173000000,
    "grossProfit": 7342000000,
    "researchAndDevelopmentExpenses": 0,
    "generalAndAdministrativeExpenses": 0,
    "sellingAndMarketingExpenses": 0,
    "sellingGeneralAndAdministrativeExpenses": 5145000000,
    "otherExpenses": 0,
    "operatingExpenses": 5145000000,
    "costAndExpenses": 56318000000,
    "netInterestIncome": 67000000,
    "interestIncome": 108000000,
    "interestExpense": 41000000,
    "depreciationAndAmortization": 516000000,
    "ebitda": 2841000000,
    "ebit": 2325000000,
    "nonOperatingIncomeExcludingInterest": -128000000,
    "operatingIncome": 2197000000,
    "totalOtherIncomeExpensesNet": 87000000,
    "incomeBeforeTax": 2284000000,
    "incomeTaxExpense": 603000000,
    "netIncomeFromContinuingOperations": 1681000000,
    "netIncomeFromDiscontinuedOperations": 0,
    "otherAdjustmentsToNetIncome": 0,
    "netIncome": 1681000000,
    "netIncomeDeductions": 0,
    "bottomLineNetIncome": 1681000000,
    "eps": 3.79,
    "epsDiluted": 3.78,
    "weightedAverageShsOut": 443892000,
    "weightedAverageShsOutDil": 444828000
  },
  {
    "date": "2024-02-18",
    "symbol": "COST",
    "reportedCurrency": "USD",
    "cik": "0000909832",
    "filingDate": "2024-03-13",
    "acceptedDate": "2024-03-13 17:23:57",
    "fiscalYear": "2024",
    "period": "Q2",
    "revenue": 58442000000,
    "costOfRevenue": 51140000000,
    "grossProfit": 7302000000,
    "researchAndDevelopmentExpenses": 0,
    "generalAndAdministrativeExpenses": 0,
    "sellingAndMarketingExpenses": 0,
    "sellingGeneralAndAdministrativeExpenses": 5240000000,
    "otherExpenses": 0,
    "operatingExpenses": 5240000000,
    "costAndExpenses": 56380000000,
    "netInterestIncome": 144000000,
    "interestIncome": 185000000,
    "interestExpense": 41000000,
    "depreciationAndAmortization": 514000000,
    "ebitda": 2792000000,
    "ebit": 2278000000,
    "nonOperatingIncomeExcludingInterest": -216000000,
    "operatingIncome": 2062000000,
    "totalOtherIncomeExpensesNet": 175000000,
    "incomeBeforeTax": 2237000000,
    "incomeTaxExpense": 494000000,
    "netIncomeFromContinuingOperations": 1743000000,
    "netIncomeFromDiscontinuedOperations": 0,
    "otherAdjustmentsToNetIncome": 0,
    "netIncome": 1743000000,
    "netIncomeDeductions": 0,
    "bottomLineNetIncome": 1743000000,
    "eps": 3.93,
    "epsDiluted": 3.92,
    "weightedAverageShsOut": 443892000,
    "weightedAverageShsOutDil": 444754000
  },
  {
    "date": "2023-11-26",
    "symbol": "COST",
    "reportedCurrency": "USD",
    "cik": "0000909832",
    "filingDate": "2023-12-20",
    "acceptedDate": "2023-12-20 16:49:22",
    "fiscalYear": "2024",
    "period": "Q1",
    "revenue": 57799000000,
    "costOfRevenue": 50457000000,
    "grossProfit": 7342000000,
    "researchAndDevelopmentExpenses": 0,
    "generalAndAdministrativeExpenses": 0,
    "sellingAndMarketingExpenses": 0,
    "sellingGeneralAndAdministrativeExpenses": 5358000000,
    "otherExpenses": 0,
    "operatingExpenses": 5358000000,
    "costAndExpenses": 55815000000,
    "netInterestIncome": 119000000,
    "interestIncome": 157000000,
    "interestExpense": 38000000,
    "depreciationAndAmortization": 501000000,
    "ebitda": 2645000000,
    "ebit": 2144000000,
    "nonOperatingIncomeExcludingInterest": -160000000,
    "operatingIncome": 1984000000,
    "totalOtherIncomeExpensesNet": 122000000,
    "incomeBeforeTax": 2106000000,
    "incomeTaxExpense": 517000000,
    "netIncomeFromContinuingOperations": 1589000000,
    "netIncomeFromDiscontinuedOperations": 0,
    "otherAdjustmentsToNetIncome": 0,
    "netIncome": 1589000000,
    "netIncomeDeductions": 0,
    "bottomLineNetIncome": 1589000000,
    "eps": 3.58,
    "epsDiluted": 3.58,
    "weightedAverageShsOut": 443827000,
    "weightedAverageShsOutDil": 444403000
  },
  {
    "date": "2023-08-31",
    "symbol": "COST",
    "reportedCurrency": "USD",
    "cik": "0000909832",
    "filingDate": "2023-10-11",
    "acceptedDate": "2023-10-10 19:13:15",
    "fiscalYear": "2023",
    "period": "Q4",
    "revenue": 78939000000,
    "costOfRevenue": 69219000000,
    "grossProfit": 9720000000,
    "researchAndDevelopmentExpenses": 0,
    "generalAndAdministrativeExpenses": 0,
    "sellingAndMarketingExpenses": 0,
    "sellingGeneralAndAdministrativeExpenses": 6939000000,
    "otherExpenses": 0,
    "operatingExpenses": 6939000000,
    "costAndExpenses": 76158000000,
    "netInterestIncome": 156000000,
    "interestIncome": 212000000,
    "interestExpense": 56000000,
    "depreciationAndAmortization": 688000000,
    "ebitda": 3707000000,
    "ebit": 3019000000,
    "nonOperatingIncomeExcludingInterest": -238000000,
    "operatingIncome": 2781000000,
    "totalOtherIncomeExpensesNet": 182000000,
    "incomeBeforeTax": 2963000000,
    "incomeTaxExpense": 803000000,
    "netIncomeFromContinuingOperations": 2160000000,
    "netIncomeFromDiscontinuedOperations": 0,
    "otherAdjustmentsToNetIncome": 0,
    "netIncome": 2160000000,
    "netIncomeDeductions": 0,
    "bottomLineNetIncome": 2160000000,
    "eps": 4.87,
    "epsDiluted": 4.86,
    "weightedAverageShsOut": 443876000,
    "weightedAverageShsOutDil": 444445000
  },
  {
    "date": "2023-05-07",
    "symbol": "COST",
    "reportedCurrency": "USD",
    "cik": "0000909832",
    "filingDate": "2023-06-01",
    "acceptedDate": "2023-05-31 19:21:31",
    "fiscalYear": "2023",
    "period": "Q3",
    "revenue": 53648000000,
    "costOfRevenue": 47175000000,
    "grossProfit": 6473000000,
    "researchAndDevelopmentExpenses": 0,
    "generalAndAdministrativeExpenses": 0,
    "sellingAndMarketingExpenses": 0,
    "sellingGeneralAndAdministrativeExpenses": 4794000000,
    "otherExpenses": 0,
    "operatingExpenses": 4794000000,
    "costAndExpenses": 51969000000,
    "netInterestIncome": 83000000,
    "interestIncome": 119000000,
    "interestExpense": 36000000,
    "depreciationAndAmortization": 472000000,
    "ebitda": 2279000000,
    "ebit": 1807000000,
    "nonOperatingIncomeExcludingInterest": -128000000,
    "operatingIncome": 1679000000,
    "totalOtherIncomeExpensesNet": 92000000,
    "incomeBeforeTax": 1771000000,
    "incomeTaxExpense": 469000000,
    "netIncomeFromContinuingOperations": 1302000000,
    "netIncomeFromDiscontinuedOperations": 0,
    "otherAdjustmentsToNetIncome": 0,
    "netIncome": 1302000000,
    "netIncomeDeductions": 0,
    "bottomLineNetIncome": 1302000000,
    "eps": 2.93,
    "epsDiluted": 2.93,
    "weightedAverageShsOut": 443814000,
    "weightedAverageShsOutDil": 444360000
  },
  {
    "date": "2023-02-12",
    "symbol": "COST",
    "reportedCurrency": "USD",
    "cik": "0000909832",
    "filingDate": "2023-03-09",
    "acceptedDate": "2023-03-08 19:32:17",
    "fiscalYear": "2023",
    "period": "Q2",
    "revenue": 55266000000,
    "costOfRevenue": 48423000000,
    "grossProfit": 6843000000,
    "researchAndDevelopmentExpenses": 0,
    "generalAndAdministrativeExpenses": 0,
    "sellingAndMarketingExpenses": 0,
    "sellingGeneralAndAdministrativeExpenses": 4940000000,
    "otherExpenses": 0,
    "operatingExpenses": 4940000000,
    "costAndExpenses": 53363000000,
    "netInterestIncome": 77000000,
    "interestIncome": 111000000,
    "interestExpense": 34000000,
    "depreciationAndAmortization": 470000000,
    "ebitda": 2487000000,
    "ebit": 2017000000,
    "nonOperatingIncomeExcludingInterest": -114000000,
    "operatingIncome": 1903000000,
    "totalOtherIncomeExpensesNet": 80000000,
    "incomeBeforeTax": 1983000000,
    "incomeTaxExpense": 517000000,
    "netIncomeFromContinuingOperations": 1466000000,
    "netIncomeFromDiscontinuedOperations": 0,
    "otherAdjustmentsToNetIncome": 0,
    "netIncome": 1466000000,
    "netIncomeDeductions": 0,
    "bottomLineNetIncome": 1466000000,
    "eps": 3.3,
    "epsDiluted": 3.3,
    "weightedAverageShsOut": 443877000,
    "weightedAverageShsOutDil": 444475000
  },
  {
    "date": "2022-11-20",
    "symbol": "COST",
    "reportedCurrency": "USD",
    "cik": "0000909832",
    "filingDate": "2022-12-29",
    "acceptedDate": "2022-12-29 16:26:51",
    "fiscalYear": "2023",
    "period": "Q1",
    "revenue": 54437000000,
    "costOfRevenue": 47769000000,
    "grossProfit": 6668000000,
    "researchAndDevelopmentExpenses": 0,
    "generalAndAdministrativeExpenses": 0,
    "sellingAndMarketingExpenses": 0,
    "sellingGeneralAndAdministrativeExpenses": 4917000000,
    "otherExpenses": 0,
    "operatingExpenses": 4917000000,
    "costAndExpenses": 52686000000,
    "netInterestIncome": 28000000,
    "interestIncome": 62000000,
    "interestExpense": 34000000,
    "depreciationAndAmortization": 447000000,
    "ebitda": 2251000000,
    "ebit": 1804000000,
    "nonOperatingIncomeExcludingInterest": -53000000,
    "operatingIncome": 1751000000,
    "totalOtherIncomeExpensesNet": 19000000,
    "incomeBeforeTax": 1770000000,
    "incomeTaxExpense": 406000000,
    "netIncomeFromContinuingOperations": 1364000000,
    "netIncomeFromDiscontinuedOperations": 0,
    "otherAdjustmentsToNetIncome": 0,
    "netIncome": 1364000000,
    "netIncomeDeductions": 0,
    "bottomLineNetIncome": 1364000000,
    "eps": 3.07,
    "epsDiluted": 3.07,
    "weightedAverageShsOut": 443837000,
    "weightedAverageShsOutDil": 444531000
  },
  {
    "date": "2022-08-31",
    "symbol": "COST",
    "reportedCurrency": "USD",
    "cik": "0000909832",
    "filingDate": "2022-10-05",
    "acceptedDate": "2022-10-04 21:59:05",
    "fiscalYear": "2022",
    "period": "Q4",
    "revenue": 72091000000,
    "costOfRevenue": 63558000000,
    "grossProfit": 8533000000,
    "researchAndDevelopmentExpenses": 0,
    "generalAndAdministrativeExpenses": 0,
    "sellingAndMarketingExpenses": 0,
    "sellingGeneralAndAdministrativeExpenses": 6036000000,
    "otherExpenses": 15000000,
    "operatingExpenses": 6036000000,
    "costAndExpenses": 69594000000,
    "netInterestIncome": 7000000,
    "interestIncome": 55000000,
    "interestExpense": 48000000,
    "depreciationAndAmortization": 594000000,
    "ebitda": 3158000000,
    "ebit": 2564000000,
    "nonOperatingIncomeExcludingInterest": -67000000,
    "operatingIncome": 2497000000,
    "totalOtherIncomeExpensesNet": 19000000,
    "incomeBeforeTax": 2516000000,
    "incomeTaxExpense": 638000000,
    "netIncomeFromContinuingOperations": 1878000000,
    "netIncomeFromDiscontinuedOperations": 0,
    "otherAdjustmentsToNetIncome": 0,
    "netIncome": 1868000000,
    "netIncomeDeductions": 0,
    "bottomLineNetIncome": 1868000000,
    "eps": 4.21,
    "epsDiluted": 4.2,
    "weightedAverageShsOut": 443839000,
    "weightedAverageShsOutDil": 444655000
  },
  {
    "date": "2022-05-08",
    "symbol": "COST",
    "reportedCurrency": "USD",
    "cik": "0000909832",
    "filingDate": "2022-06-02",
    "acceptedDate": "2022-06-01 19:26:13",
    "fiscalYear": "2022",
    "period": "Q3",
    "revenue": 52596000000,
    "costOfRevenue": 46355000000,
    "grossProfit": 6241000000,
    "researchAndDevelopmentExpenses": 0,
    "generalAndAdministrativeExpenses": 0,
    "sellingAndMarketingExpenses": 0,
    "sellingGeneralAndAdministrativeExpenses": 4450000000,
    "otherExpenses": 9000000,
    "operatingExpenses": 4450000000,
    "costAndExpenses": 50805000000,
    "netInterestIncome": -20000000,
    "interestIncome": 15000000,
    "interestExpense": 35000000,
    "depreciationAndAmortization": 431000000,
    "ebitda": 2293000000,
    "ebit": 1862000000,
    "nonOperatingIncomeExcludingInterest": -71000000,
    "operatingIncome": 1791000000,
    "totalOtherIncomeExpensesNet": 36000000,
    "incomeBeforeTax": 1827000000,
    "incomeTaxExpense": 455000000,
    "netIncomeFromContinuingOperations": 1372000000,
    "netIncomeFromDiscontinuedOperations": 0,
    "otherAdjustmentsToNetIncome": 0,
    "netIncome": 1353000000,
    "netIncomeDeductions": 0,
    "bottomLineNetIncome": 1353000000,
    "eps": 3.05,
    "epsDiluted": 3.04,
    "weightedAverageShsOut": 443700000,
    "weightedAverageShsOutDil": 444886000
  },
  {
    "date": "2022-02-13",
    "symbol": "COST",
    "reportedCurrency": "USD",
    "cik": "0000909832",
    "filingDate": "2022-03-10",
    "acceptedDate": "2022-03-09 18:56:01",
    "fiscalYear": "2022",
    "period": "Q2",
    "revenue": 51904000000,
    "costOfRevenue": 45517000000,
    "grossProfit": 6387000000,
    "researchAndDevelopmentExpenses": 0,
    "generalAndAdministrativeExpenses": 0,
    "sellingAndMarketingExpenses": 0,
    "sellingGeneralAndAdministrativeExpenses": 4575000000,
    "otherExpenses": 7000000,
    "operatingExpenses": 4575000000,
    "costAndExpenses": 50092000000,
    "netInterestIncome": -23000000,
    "interestIncome": 13000000,
    "interestExpense": 36000000,
    "depreciationAndAmortization": 436000000,
    "ebitda": 2273000000,
    "ebit": 1837000000,
    "nonOperatingIncomeExcludingInterest": -25000000,
    "operatingIncome": 1812000000,
    "totalOtherIncomeExpensesNet": -11000000,
    "incomeBeforeTax": 1801000000,
    "incomeTaxExpense": 481000000,
    "netIncomeFromContinuingOperations": 1320000000,
    "netIncomeFromDiscontinuedOperations": 0,
    "otherAdjustmentsToNetIncome": 0,
    "netIncome": 1299000000,
    "netIncomeDeductions": 0,
    "bottomLineNetIncome": 1299000000,
    "eps": 2.93,
    "epsDiluted": 2.92,
    "weightedAverageShsOut": 443623000,
    "weightedAverageShsOutDil": 444916000
  },
  {
    "date": "2021-11-21",
    "symbol": "COST",
    "reportedCurrency": "USD",
    "cik": "0000909832",
    "filingDate": "2021-12-22",
    "acceptedDate": "2021-12-21 18:57:38",
    "fiscalYear": "2022",
    "period": "Q1",
    "revenue": 50363000000,
    "costOfRevenue": 43952000000,
    "grossProfit": 6411000000,
    "researchAndDevelopmentExpenses": 0,
    "generalAndAdministrativeExpenses": 0,
    "sellingAndMarketingExpenses": 0,
    "sellingGeneralAndAdministrativeExpenses": 4690000000,
    "otherExpenses": 8000000,
    "operatingExpenses": 4718000000,
    "costAndExpenses": 48670000000,
    "netInterestIncome": -23000000,
    "interestIncome": 16000000,
    "interestExpense": 39000000,
    "depreciationAndAmortization": 432000000,
    "ebitda": 2167000000,
    "ebit": 1735000000,
    "nonOperatingIncomeExcludingInterest": -42000000,
    "operatingIncome": 1693000000,
    "totalOtherIncomeExpensesNet": 3000000,
    "incomeBeforeTax": 1696000000,
    "incomeTaxExpense": 351000000,
    "netIncomeFromContinuingOperations": 1345000000,
    "netIncomeFromDiscontinuedOperations": 0,
    "otherAdjustmentsToNetIncome": 0,
    "netIncome": 1324000000,
    "netIncomeDeductions": 0,
    "bottomLineNetIncome": 1324000000,
    "eps": 2.99,
    "epsDiluted": 2.98,
    "weightedAverageShsOut": 443377000,
    "weightedAverageShsOutDil": 444604000
  },
  {
    "date": "2021-08-31",
    "symbol": "COST",
    "reportedCurrency": "USD",
    "cik": "0000909832",
    "filingDate": "2021-10-06",
    "acceptedDate": "2021-10-05 20:49:17",
    "fiscalYear": "2021",
    "period": "Q4",
    "revenue": 62675000000,
    "costOfRevenue": 54733000000,
    "grossProfit": 7942000000,
    "researchAndDevelopmentExpenses": 0,
    "generalAndAdministrativeExpenses": 0,
    "sellingAndMarketingExpenses": 0,
    "sellingGeneralAndAdministrativeExpenses": 5632000000,
    "otherExpenses": 13000000,
    "operatingExpenses": 5667000000,
    "costAndExpenses": 60400000000,
    "netInterestIncome": -27000000,
    "interestIncome": 25000000,
    "interestExpense": 52000000,
    "depreciationAndAmortization": 559000000,
    "ebitda": 2902000000,
    "ebit": 2343000000,
    "nonOperatingIncomeExcludingInterest": -68000000,
    "operatingIncome": 2275000000,
    "totalOtherIncomeExpensesNet": 16000000,
    "incomeBeforeTax": 2291000000,
    "incomeTaxExpense": 597000000,
    "netIncomeFromContinuingOperations": 1694000000,
    "netIncomeFromDiscontinuedOperations": 0,
    "otherAdjustmentsToNetIncome": 0,
    "netIncome": 1670000000,
    "netIncomeDeductions": 0,
    "bottomLineNetIncome": 1670000000,
    "eps": 3.77,
    "epsDiluted": 3.76,
    "weightedAverageShsOut": 443227000,
    "weightedAverageShsOutDil": 444376000
  },
  {
    "date": "2021-05-09",
    "symbol": "COST",
    "reportedCurrency": "USD",
    "cik": "0000909832",
    "filingDate": "2021-06-03",
    "acceptedDate": "2021-06-02 21:21:48",
    "fiscalYear": "2021",
    "period": "Q3",
    "revenue": 45277000000,
    "costOfRevenue": 39415000000,
    "grossProfit": 5862000000,
    "researchAndDevelopmentExpenses": 0,
    "generalAndAdministrativeExpenses": 0,
    "sellingAndMarketingExpenses": 0,
    "sellingGeneralAndAdministrativeExpenses": 4189000000,
    "otherExpenses": 13000000,
    "operatingExpenses": 4199000000,
    "costAndExpenses": 43614000000,
    "netInterestIncome": -19000000,
    "interestIncome": 21000000,
    "interestExpense": 40000000,
    "depreciationAndAmortization": 402000000,
    "ebitda": 2092000000,
    "ebit": 1690000000,
    "nonOperatingIncomeExcludingInterest": -27000000,
    "operatingIncome": 1663000000,
    "totalOtherIncomeExpensesNet": -13000000,
    "incomeBeforeTax": 1650000000,
    "incomeTaxExpense": 417000000,
    "netIncomeFromContinuingOperations": 1233000000,
    "netIncomeFromDiscontinuedOperations": 0,
    "otherAdjustmentsToNetIncome": 0,
    "netIncome": 1220000000,
    "netIncomeDeductions": 0,
    "bottomLineNetIncome": 1220000000,
    "eps": 2.75,
    "epsDiluted": 2.75,
    "weightedAverageShsOut": 443043000,
    "weightedAverageShsOutDil": 444127000
  },
  {
    "date": "2021-02-14",
    "symbol": "COST",
    "reportedCurrency": "USD",
    "cik": "0000909832",
    "filingDate": "2021-03-10",
    "acceptedDate": "2021-03-10 16:43:23",
    "fiscalYear": "2021",
    "period": "Q2",
    "revenue": 44769000000,
    "costOfRevenue": 39078000000,
    "grossProfit": 5691000000,
    "researchAndDevelopmentExpenses": 0,
    "generalAndAdministrativeExpenses": 0,
    "sellingAndMarketingExpenses": 0,
    "sellingGeneralAndAdministrativeExpenses": 4342000000,
    "otherExpenses": 9000000,
    "operatingExpenses": 4351000000,
    "costAndExpenses": 43429000000,
    "netInterestIncome": -20000000,
    "interestIncome": 20000000,
    "interestExpense": 40000000,
    "depreciationAndAmortization": 416000000,
    "ebitda": 1775000000,
    "ebit": 1359000000,
    "nonOperatingIncomeExcludingInterest": -19000000,
    "operatingIncome": 1340000000,
    "totalOtherIncomeExpensesNet": -21000000,
    "incomeBeforeTax": 1319000000,
    "incomeTaxExpense": 348000000,
    "netIncomeFromContinuingOperations": 971000000,
    "netIncomeFromDiscontinuedOperations": 0,
    "otherAdjustmentsToNetIncome": 0,
    "netIncome": 951000000,
    "netIncomeDeductions": 0,
    "bottomLineNetIncome": 951000000,
    "eps": 2.15,
    "epsDiluted": 2.14,
    "weightedAverageShsOut": 443134000,
    "weightedAverageShsOutDil": 444494000
  },
  {
    "date": "2020-11-22",
    "symbol": "COST",
    "reportedCurrency": "USD",
    "cik": "0000909832",
    "filingDate": "2020-12-16",
    "acceptedDate": "2020-12-16 17:05:38",
    "fiscalYear": "2021",
    "period": "Q1",
    "revenue": 43208000000,
    "costOfRevenue": 37458000000,
    "grossProfit": 5750000000,
    "researchAndDevelopmentExpenses": 0,
    "generalAndAdministrativeExpenses": 0,
    "sellingAndMarketingExpenses": 0,
    "sellingGeneralAndAdministrativeExpenses": 4298000000,
    "otherExpenses": 11000000,
    "operatingExpenses": 4320000000,
    "costAndExpenses": 41778000000,
    "netInterestIncome": -18000000,
    "interestIncome": 21000000,
    "interestExpense": 39000000,
    "depreciationAndAmortization": 404000000,
    "ebitda": 1863000000,
    "ebit": 1459000000,
    "nonOperatingIncomeExcludingInterest": -29000000,
    "operatingIncome": 1430000000,
    "totalOtherIncomeExpensesNet": -10000000,
    "incomeBeforeTax": 1420000000,
    "incomeTaxExpense": 239000000,
    "netIncomeFromContinuingOperations": 1181000000,
    "netIncomeFromDiscontinuedOperations": 0,
    "otherAdjustmentsToNetIncome": 0,
    "netIncome": 1166000000,
    "netIncomeDeductions": 0,
    "bottomLineNetIncome": 1166000000,
    "eps": 2.63,
    "epsDiluted": 2.62,
    "weightedAverageShsOut": 442952000,
    "weightedAverageShsOutDil": 444386000
  },
  {
    "date": "2020-08-31",
    "symbol": "COST",
    "reportedCurrency": "USD",
    "cik": "0000909832",
    "filingDate": "2020-10-07",
    "acceptedDate": "2020-10-06 19:07:39",
    "fiscalYear": "2020",
    "period": "Q4",
    "revenue": 53383000000,
    "costOfRevenue": 46401000000,
    "grossProfit": 6982000000,
    "researchAndDevelopmentExpenses": 0,
    "generalAndAdministrativeExpenses": 0,
    "sellingAndMarketingExpenses": 0,
    "sellingGeneralAndAdministrativeExpenses": 5027000000,
    "otherExpenses": 26000000,
    "operatingExpenses": 5053000000,
    "costAndExpenses": 51454000000,
    "netInterestIncome": -34000000,
    "interestIncome": 17000000,
    "interestExpense": 51000000,
    "depreciationAndAmortization": 505000000,
    "ebitda": 2429000000,
    "ebit": 1924000000,
    "nonOperatingIncomeExcludingInterest": 5000000,
    "operatingIncome": 1929000000,
    "totalOtherIncomeExpensesNet": -60000000,
    "incomeBeforeTax": 1869000000,
    "incomeTaxExpense": 465000000,
    "netIncomeFromContinuingOperations": 1404000000,
    "netIncomeFromDiscontinuedOperations": 0,
    "otherAdjustmentsToNetIncome": 0,
    "netIncome": 1389000000,
    "netIncomeDeductions": 0,
    "bottomLineNetIncome": 1389000000,
    "eps": 3.14,
    "epsDiluted": 3.13,
    "weightedAverageShsOut": 443026000,
    "weightedAverageShsOutDil": 444342000
  },
  {
    "date": "2020-05-10",
    "symbol": "COST",
    "reportedCurrency": "USD",
    "cik": "0000909832",
    "filingDate": "2020-06-04",
    "acceptedDate": "2020-06-03 17:55:52",
    "fiscalYear": "2020",
    "period": "Q3",
    "revenue": 37266000000,
    "costOfRevenue": 32249000000,
    "grossProfit": 5017000000,
    "researchAndDevelopmentExpenses": 0,
    "generalAndAdministrativeExpenses": 0,
    "sellingAndMarketingExpenses": 0,
    "sellingGeneralAndAdministrativeExpenses": 3830000000,
    "otherExpenses": 6000000,
    "operatingExpenses": 3838000000,
    "costAndExpenses": 36087000000,
    "netInterestIncome": -21000000,
    "interestIncome": 16000000,
    "interestExpense": 37000000,
    "depreciationAndAmortization": 382000000,
    "ebitda": 1582000000,
    "ebit": 1200000000,
    "nonOperatingIncomeExcludingInterest": -21000000,
    "operatingIncome": 1179000000,
    "totalOtherIncomeExpensesNet": -16000000,
    "incomeBeforeTax": 1163000000,
    "incomeTaxExpense": 311000000,
    "netIncomeFromContinuingOperations": 852000000,
    "netIncomeFromDiscontinuedOperations": 0,
    "otherAdjustmentsToNetIncome": 0,
    "netIncome": 838000000,
    "netIncomeDeductions": 0,
    "bottomLineNetIncome": 838000000,
    "eps": 1.9,
    "epsDiluted": 1.89,
    "weightedAverageShsOut": 442322000,
    "weightedAverageShsOutDil": 443855000
  },
  {
    "date": "2020-02-16",
    "symbol": "COST",
    "reportedCurrency": "USD",
    "cik": "0000909832",
    "filingDate": "2020-03-12",
    "acceptedDate": "2020-03-11 17:59:32",
    "fiscalYear": "2020",
    "period": "Q2",
    "revenue": 39072000000,
    "costOfRevenue": 34056000000,
    "grossProfit": 5016000000,
    "researchAndDevelopmentExpenses": 0,
    "generalAndAdministrativeExpenses": 0,
    "sellingAndMarketingExpenses": 0,
    "sellingGeneralAndAdministrativeExpenses": 3743000000,
    "otherExpenses": 7000000,
    "operatingExpenses": 3750000000,
    "costAndExpenses": 37806000000,
    "netInterestIncome": 3000000,
    "interestIncome": 37000000,
    "interestExpense": 34000000,
    "depreciationAndAmortization": 389000000,
    "ebitda": 1700000000,
    "ebit": 1311000000,
    "nonOperatingIncomeExcludingInterest": -45000000,
    "operatingIncome": 1266000000,
    "totalOtherIncomeExpensesNet": 11000000,
    "incomeBeforeTax": 1277000000,
    "incomeTaxExpense": 330000000,
    "netIncomeFromContinuingOperations": 947000000,
    "netIncomeFromDiscontinuedOperations": 0,
    "otherAdjustmentsToNetIncome": 0,
    "netIncome": 931000000,
    "netIncomeDeductions": 0,
    "bottomLineNetIncome": 931000000,
    "eps": 2.1,
    "epsDiluted": 2.1,
    "weightedAverageShsOut": 442021000,
    "weightedAverageShsOutDil": 443727000
  },
  {
    "date": "2019-11-24",
    "symbol": "COST",
    "reportedCurrency": "USD",
    "cik": "0000909832",
    "filingDate": "2019-12-23",
    "acceptedDate": "2019-12-20 18:04:39",
    "fiscalYear": "2020",
    "period": "Q1",
    "revenue": 37040000000,
    "costOfRevenue": 32233000000,
    "grossProfit": 4807000000,
    "researchAndDevelopmentExpenses": 0,
    "generalAndAdministrativeExpenses": 0,
    "sellingAndMarketingExpenses": 0,
    "sellingGeneralAndAdministrativeExpenses": 3732000000,
    "otherExpenses": 7000000,
    "operatingExpenses": 3746000000,
    "costAndExpenses": 35979000000,
    "netInterestIncome": 1000000,
    "interestIncome": 39000000,
    "interestExpense": 38000000,
    "depreciationAndAmortization": 369000000,
    "ebitda": 1465000000,
    "ebit": 1096000000,
    "nonOperatingIncomeExcludingInterest": -35000000,
    "operatingIncome": 1061000000,
    "totalOtherIncomeExpensesNet": -3000000,
    "incomeBeforeTax": 1058000000,
    "incomeTaxExpense": 202000000,
    "netIncomeFromContinuingOperations": 856000000,
    "netIncomeFromDiscontinuedOperations": 0,
    "otherAdjustmentsToNetIncome": 0,
    "netIncome": 844000000,
    "netIncomeDeductions": 0,
    "bottomLineNetIncome": 844000000,
    "eps": 1.91,
    "epsDiluted": 1.9,
    "weightedAverageShsOut": 441818000,
    "weightedAverageShsOutDil": 443680000
  },
  {
    "date": "2019-08-31",
    "symbol": "COST",
    "reportedCurrency": "USD",
    "cik": "0000909832",
    "filingDate": "2019-10-11",
    "acceptedDate": "2019-10-10 18:06:12",
    "fiscalYear": "2019",
    "period": "Q4",
    "revenue": 47498000000,
    "costOfRevenue": 41310000000,
    "grossProfit": 6188000000,
    "researchAndDevelopmentExpenses": 0,
    "generalAndAdministrativeExpenses": 0,
    "sellingAndMarketingExpenses": 0,
    "sellingGeneralAndAdministrativeExpenses": 4684000000,
    "otherExpenses": 41000000,
    "operatingExpenses": 4725000000,
    "costAndExpenses": 46035000000,
    "netInterestIncome": 8000000,
    "interestIncome": 53000000,
    "interestExpense": 45000000,
    "depreciationAndAmortization": 473000000,
    "ebitda": 2010000000,
    "ebit": 1537000000,
    "nonOperatingIncomeExcludingInterest": -74000000,
    "operatingIncome": 1463000000,
    "totalOtherIncomeExpensesNet": 29000000,
    "incomeBeforeTax": 1492000000,
    "incomeTaxExpense": 382000000,
    "netIncomeFromContinuingOperations": 1110000000,
    "netIncomeFromDiscontinuedOperations": 0,
    "otherAdjustmentsToNetIncome": 0,
    "netIncome": 1097000000,
    "netIncomeDeductions": 0,
    "bottomLineNetIncome": 1097000000,
    "eps": 2.49,
    "epsDiluted": 2.47,
    "weightedAverageShsOut": 439719000,
    "weightedAverageShsOutDil": 443997000
  },
  {
    "date": "2019-05-12",
    "symbol": "COST",
    "reportedCurrency": "USD",
    "cik": "0000909832",
    "filingDate": "2019-06-06",
    "acceptedDate": "2019-06-05 20:46:10",
    "fiscalYear": "2019",
    "period": "Q3",
    "revenue": 34740000000,
    "costOfRevenue": 30233000000,
    "grossProfit": 4507000000,
    "researchAndDevelopmentExpenses": 0,
    "generalAndAdministrativeExpenses": 0,
    "sellingAndMarketingExpenses": 0,
    "sellingGeneralAndAdministrativeExpenses": 3371000000,
    "otherExpenses": 6000000,
    "operatingExpenses": 3385000000,
    "costAndExpenses": 33618000000,
    "netInterestIncome": -2000000,
    "interestIncome": 33000000,
    "interestExpense": 35000000,
    "depreciationAndAmortization": 336000000,
    "ebitda": 1494000000,
    "ebit": 1158000000,
    "nonOperatingIncomeExcludingInterest": -36000000,
    "operatingIncome": 1122000000,
    "totalOtherIncomeExpensesNet": 1000000,
    "incomeBeforeTax": 1123000000,
    "incomeTaxExpense": 207000000,
    "netIncomeFromContinuingOperations": 916000000,
    "netIncomeFromDiscontinuedOperations": 0,
    "otherAdjustmentsToNetIncome": 0,
    "netIncome": 906000000,
    "netIncomeDeductions": 0,
    "bottomLineNetIncome": 906000000,
    "eps": 2.06,
    "epsDiluted": 2.05,
    "weightedAverageShsOut": 439859000,
    "weightedAverageShsOutDil": 442642000
  },
  {
    "date": "2019-02-17",
    "symbol": "COST",
    "reportedCurrency": "USD",
    "cik": "0000909832",
    "filingDate": "2019-03-13",
    "acceptedDate": "2019-03-13 16:49:30",
    "fiscalYear": "2019",
    "period": "Q2",
    "revenue": 35396000000,
    "costOfRevenue": 30720000000,
    "grossProfit": 4676000000,
    "researchAndDevelopmentExpenses": 0,
    "generalAndAdministrativeExpenses": 0,
    "sellingAndMarketingExpenses": 0,
    "sellingGeneralAndAdministrativeExpenses": 3464000000,
    "otherExpenses": 5000000,
    "operatingExpenses": 3473000000,
    "costAndExpenses": 34193000000,
    "netInterestIncome": 4000000,
    "interestIncome": 38000000,
    "interestExpense": 34000000,
    "depreciationAndAmortization": 352000000,
    "ebitda": 1601000000,
    "ebit": 1249000000,
    "nonOperatingIncomeExcludingInterest": -46000000,
    "operatingIncome": 1203000000,
    "totalOtherIncomeExpensesNet": 12000000,
    "incomeBeforeTax": 1215000000,
    "incomeTaxExpense": 314000000,
    "netIncomeFromContinuingOperations": 901000000,
    "netIncomeFromDiscontinuedOperations": 0,
    "otherAdjustmentsToNetIncome": 0,
    "netIncome": 889000000,
    "netIncomeDeductions": 0,
    "bottomLineNetIncome": 889000000,
    "eps": 2.02,
    "epsDiluted": 2.01,
    "weightedAverageShsOut": 440284000,
    "weightedAverageShsOutDil": 442337000
  },
  {
    "date": "2018-11-25",
    "symbol": "COST",
    "reportedCurrency": "USD",
    "cik": "0000909832",
    "filingDate": "2018-12-20",
    "acceptedDate": "2018-12-19 19:59:53",
    "fiscalYear": "2019",
    "period": "Q1",
    "revenue": 35069000000,
    "costOfRevenue": 30623000000,
    "grossProfit": 4446000000,
    "researchAndDevelopmentExpenses": 0,
    "generalAndAdministrativeExpenses": 0,
    "sellingAndMarketingExpenses": 0,
    "sellingGeneralAndAdministrativeExpenses": 3475000000,
    "otherExpenses": 6000000,
    "operatingExpenses": 3497000000,
    "costAndExpenses": 34120000000,
    "netInterestIncome": -9000000,
    "interestIncome": 27000000,
    "interestExpense": 36000000,
    "depreciationAndAmortization": 331000000,
    "ebitda": 1302000000,
    "ebit": 971000000,
    "nonOperatingIncomeExcludingInterest": -22000000,
    "operatingIncome": 949000000,
    "totalOtherIncomeExpensesNet": -14000000,
    "incomeBeforeTax": 935000000,
    "incomeTaxExpense": 158000000,
    "netIncomeFromContinuingOperations": 777000000,
    "netIncomeFromDiscontinuedOperations": 0,
    "otherAdjustmentsToNetIncome": 0,
    "netIncome": 767000000,
    "netIncomeDeductions": 0,
    "bottomLineNetIncome": 767000000,
    "eps": 1.75,
    "epsDiluted": 1.73,
    "weightedAverageShsOut": 439157000,
    "weightedAverageShsOutDil": 442749000
  },
  {
    "date": "2018-08-31",
    "symbol": "COST",
    "reportedCurrency": "USD",
    "cik": "0000909832",
    "filingDate": "2018-10-26",
    "acceptedDate": "2018-10-26 09:21:46",
    "fiscalYear": "2018",
    "period": "Q4",
    "revenue": 44411000000,
    "costOfRevenue": 38671000000,
    "grossProfit": 5740000000,
    "researchAndDevelopmentExpenses": 0,
    "generalAndAdministrativeExpenses": 0,
    "sellingAndMarketingExpenses": 0,
    "sellingGeneralAndAdministrativeExpenses": 4263000000,
    "otherExpenses": 31000000,
    "operatingExpenses": 4294000000,
    "costAndExpenses": 42965000000,
    "netInterestIncome": -10000000,
    "interestIncome": 38000000,
    "interestExpense": 48000000,
    "depreciationAndAmortization": 431000000,
    "ebitda": 1928000000,
    "ebit": 1497000000,
    "nonOperatingIncomeExcludingInterest": -51000000,
    "operatingIncome": 1446000000,
    "totalOtherIncomeExpensesNet": 3000000,
    "incomeBeforeTax": 1449000000,
    "incomeTaxExpense": 396000000,
    "netIncomeFromContinuingOperations": 1053000000,
    "netIncomeFromDiscontinuedOperations": 0,
    "otherAdjustmentsToNetIncome": 0,
    "netIncome": 1043000000,
    "netIncomeDeductions": 0,
    "bottomLineNetIncome": 1043000000,
    "eps": 2.38,
    "epsDiluted": 2.36,
    "weightedAverageShsOut": 438332000,
    "weightedAverageShsOutDil": 443187000
  },
  {
    "date": "2018-05-13",
    "symbol": "COST",
    "reportedCurrency": "USD",
    "cik": "0000909832",
    "filingDate": "2018-06-07",
    "acceptedDate": "2018-06-06 19:40:40",
    "fiscalYear": "2018",
    "period": "Q3",
    "revenue": 32361000000,
    "costOfRevenue": 28131000000,
    "grossProfit": 4230000000,
    "researchAndDevelopmentExpenses": 0,
    "generalAndAdministrativeExpenses": 0,
    "sellingAndMarketingExpenses": 0,
    "sellingGeneralAndAdministrativeExpenses": 3155000000,
    "otherExpenses": 5000000,
    "operatingExpenses": 3163000000,
    "costAndExpenses": 31294000000,
    "netInterestIncome": -16000000,
    "interestIncome": 21000000,
    "interestExpense": 37000000,
    "depreciationAndAmortization": 327000000,
    "ebitda": 1435000000,
    "ebit": 1108000000,
    "nonOperatingIncomeExcludingInterest": -41000000,
    "operatingIncome": 1067000000,
    "totalOtherIncomeExpensesNet": 4000000,
    "incomeBeforeTax": 1071000000,
    "incomeTaxExpense": 309000000,
    "netIncomeFromContinuingOperations": 762000000,
    "netIncomeFromDiscontinuedOperations": 0,
    "otherAdjustmentsToNetIncome": 0,
    "netIncome": 750000000,
    "netIncomeDeductions": 0,
    "bottomLineNetIncome": 750000000,
    "eps": 1.71,
    "epsDiluted": 1.7,
    "weightedAverageShsOut": 438740000,
    "weightedAverageShsOutDil": 441715000
  },
  {
    "date": "2018-02-18",
    "symbol": "COST",
    "reportedCurrency": "USD",
    "cik": "0000909832",
    "filingDate": "2018-03-15",
    "acceptedDate": "2018-03-14 18:30:55",
    "fiscalYear": "2018",
    "period": "Q2",
    "revenue": 32995000000,
    "costOfRevenue": 28733000000,
    "grossProfit": 4262000000,
    "researchAndDevelopmentExpenses": 0,
    "generalAndAdministrativeExpenses": 0,
    "sellingAndMarketingExpenses": 0,
    "sellingGeneralAndAdministrativeExpenses": 3234000000,
    "otherExpenses": 5000000,
    "operatingExpenses": 3246000000,
    "costAndExpenses": 31979000000,
    "netInterestIncome": -16000000,
    "interestIncome": 21000000,
    "interestExpense": 37000000,
    "depreciationAndAmortization": 344000000,
    "ebitda": 1367000000,
    "ebit": 1023000000,
    "nonOperatingIncomeExcludingInterest": -7000000,
    "operatingIncome": 1016000000,
    "totalOtherIncomeExpensesNet": -30000000,
    "incomeBeforeTax": 986000000,
    "incomeTaxExpense": 273000000,
    "netIncomeFromContinuingOperations": 713000000,
    "netIncomeFromDiscontinuedOperations": 0,
    "otherAdjustmentsToNetIncome": 0,
    "netIncome": 701000000,
    "netIncomeDeductions": 0,
    "bottomLineNetIncome": 701000000,
    "eps": 1.6,
    "epsDiluted": 1.59,
    "weightedAverageShsOut": 439022000,
    "weightedAverageShsOutDil": 441568000
  },
  {
    "date": "2017-11-26",
    "symbol": "COST",
    "reportedCurrency": "USD",
    "cik": "0000909832",
    "filingDate": "2017-12-21",
    "acceptedDate": "2017-12-20 19:55:05",
    "fiscalYear": "2018",
    "period": "Q1",
    "revenue": 31809000000,
    "costOfRevenue": 27617000000,
    "grossProfit": 4192000000,
    "researchAndDevelopmentExpenses": 0,
    "generalAndAdministrativeExpenses": 0,
    "sellingAndMarketingExpenses": 0,
    "sellingGeneralAndAdministrativeExpenses": 3224000000,
    "otherExpenses": 5000000,
    "operatingExpenses": 3241000000,
    "costAndExpenses": 30858000000,
    "netInterestIncome": -19000000,
    "interestIncome": 18000000,
    "interestExpense": 37000000,
    "depreciationAndAmortization": 335000000,
    "ebitda": 1308000000,
    "ebit": 973000000,
    "nonOperatingIncomeExcludingInterest": -22000000,
    "operatingIncome": 951000000,
    "totalOtherIncomeExpensesNet": -15000000,
    "incomeBeforeTax": 936000000,
    "incomeTaxExpense": 285000000,
    "netIncomeFromContinuingOperations": 651000000,
    "netIncomeFromDiscontinuedOperations": 0,
    "otherAdjustmentsToNetIncome": 0,
    "netIncome": 640000000,
    "netIncomeDeductions": 0,
    "bottomLineNetIncome": 640000000,
    "eps": 1.46,
    "epsDiluted": 1.45,
    "weightedAverageShsOut": 437965000,
    "weightedAverageShsOutDil": 440851000
  },
  {
    "date": "2017-08-31",
    "symbol": "COST",
    "reportedCurrency": "USD",
    "cik": "0000909832",
    "filingDate": "2017-10-18",
    "acceptedDate": "2017-10-17 21:17:47",
    "fiscalYear": "2017",
    "period": "Q4",
    "revenue": 42300000000,
    "costOfRevenue": 36697000000,
    "grossProfit": 5603000000,
    "researchAndDevelopmentExpenses": 0,
    "generalAndAdministrativeExpenses": 0,
    "sellingAndMarketingExpenses": 0,
    "sellingGeneralAndAdministrativeExpenses": 4123000000,
    "otherExpenses": 30000000,
    "operatingExpenses": 4153000000,
    "costAndExpenses": 40850000000,
    "netInterestIncome": -30000000,
    "interestIncome": 23000000,
    "interestExpense": 53000000,
    "depreciationAndAmortization": 441000000,
    "ebitda": 1913000000,
    "ebit": 1472000000,
    "nonOperatingIncomeExcludingInterest": -22000000,
    "operatingIncome": 1450000000,
    "totalOtherIncomeExpensesNet": -31000000,
    "incomeBeforeTax": 1419000000,
    "incomeTaxExpense": 487000000,
    "netIncomeFromContinuingOperations": 932000000,
    "netIncomeFromDiscontinuedOperations": 0,
    "otherAdjustmentsToNetIncome": 0,
    "netIncome": 919000000,
    "netIncomeDeductions": 0,
    "bottomLineNetIncome": 919000000,
    "eps": 2.1,
    "epsDiluted": 2.08,
    "weightedAverageShsOut": 437798000,
    "weightedAverageShsOutDil": 441513000
  },
  {
    "date": "2017-05-07",
    "symbol": "COST",
    "reportedCurrency": "USD",
    "cik": "0000909832",
    "filingDate": "2017-06-01",
    "acceptedDate": "2017-05-31 20:21:49",
    "fiscalYear": "2017",
    "period": "Q3",
    "revenue": 28860000000,
    "costOfRevenue": 24970000000,
    "grossProfit": 3890000000,
    "researchAndDevelopmentExpenses": 0,
    "generalAndAdministrativeExpenses": 0,
    "sellingAndMarketingExpenses": 0,
    "sellingGeneralAndAdministrativeExpenses": 2907000000,
    "otherExpenses": 3000000,
    "operatingExpenses": 2922000000,
    "costAndExpenses": 27892000000,
    "netInterestIncome": -6000000,
    "interestIncome": 15000000,
    "interestExpense": 21000000,
    "depreciationAndAmortization": 320000000,
    "ebitda": 1306000000,
    "ebit": 986000000,
    "nonOperatingIncomeExcludingInterest": -18000000,
    "operatingIncome": 968000000,
    "totalOtherIncomeExpensesNet": -3000000,
    "incomeBeforeTax": 965000000,
    "incomeTaxExpense": 259000000,
    "netIncomeFromContinuingOperations": 706000000,
    "netIncomeFromDiscontinuedOperations": 0,
    "otherAdjustmentsToNetIncome": 0,
    "netIncome": 700000000,
    "netIncomeDeductions": 0,
    "bottomLineNetIncome": 700000000,
    "eps": 1.59,
    "epsDiluted": 1.59,
    "weightedAverageShsOut": 438817000,
    "weightedAverageShsOutDil": 441056000
  },
  {
    "date": "2017-02-12",
    "symbol": "COST",
    "reportedCurrency": "USD",
    "cik": "0000909832",
    "filingDate": "2017-03-09",
    "acceptedDate": "2017-03-08 19:07:03",
    "fiscalYear": "2017",
    "period": "Q2",
    "revenue": 29766000000,
    "costOfRevenue": 25927000000,
    "grossProfit": 3839000000,
    "researchAndDevelopmentExpenses": 0,
    "generalAndAdministrativeExpenses": 0,
    "sellingAndMarketingExpenses": 0,
    "sellingGeneralAndAdministrativeExpenses": 2980000000,
    "otherExpenses": 5000000,
    "operatingExpenses": 2995000000,
    "costAndExpenses": 28922000000,
    "netInterestIncome": -15000000,
    "interestIncome": 16000000,
    "interestExpense": 31000000,
    "depreciationAndAmortization": 312000000,
    "ebitda": 1152000000,
    "ebit": 840000000,
    "nonOperatingIncomeExcludingInterest": 4000000,
    "operatingIncome": 844000000,
    "totalOtherIncomeExpensesNet": -35000000,
    "incomeBeforeTax": 809000000,
    "incomeTaxExpense": 288000000,
    "netIncomeFromContinuingOperations": 521000000,
    "netIncomeFromDiscontinuedOperations": 0,
    "otherAdjustmentsToNetIncome": 0,
    "netIncome": 515000000,
    "netIncomeDeductions": 0,
    "bottomLineNetIncome": 515000000,
    "eps": 1.17,
    "epsDiluted": 1.17,
    "weightedAverageShsOut": 439127000,
    "weightedAverageShsOutDil": 440657000
  },
  {
    "date": "2016-11-20",
    "symbol": "COST",
    "reportedCurrency": "USD",
    "cik": "0000909832",
    "filingDate": "2016-12-16",
    "acceptedDate": "2016-12-15 21:03:24",
    "fiscalYear": "2017",
    "period": "Q1",
    "revenue": 28099000000,
    "costOfRevenue": 24288000000,
    "grossProfit": 3811000000,
    "researchAndDevelopmentExpenses": 0,
    "generalAndAdministrativeExpenses": 0,
    "sellingAndMarketingExpenses": 0,
    "sellingGeneralAndAdministrativeExpenses": 2940000000,
    "otherExpenses": 22000000,
    "operatingExpenses": 2962000000,
    "costAndExpenses": 27250000000,
    "netInterestIncome": -16000000,
    "interestIncome": 13000000,
    "interestExpense": 29000000,
    "depreciationAndAmortization": 297000000,
    "ebitda": 1172000000,
    "ebit": 875000000,
    "nonOperatingIncomeExcludingInterest": -26000000,
    "operatingIncome": 849000000,
    "totalOtherIncomeExpensesNet": -3000000,
    "incomeBeforeTax": 846000000,
    "incomeTaxExpense": 291000000,
    "netIncomeFromContinuingOperations": 555000000,
    "netIncomeFromDiscontinuedOperations": 0,
    "otherAdjustmentsToNetIncome": 0,
    "netIncome": 545000000,
    "netIncomeDeductions": 0,
    "bottomLineNetIncome": 545000000,
    "eps": 1.24,
    "epsDiluted": 1.24,
    "weightedAverageShsOut": 438007000,
    "weightedAverageShsOutDil": 440525000
  },
  {
    "date": "2016-08-31",
    "symbol": "COST",
    "reportedCurrency": "USD",
    "cik": "0000909832",
    "filingDate": "2016-10-21",
    "acceptedDate": "2016-10-20 20:44:05",
    "fiscalYear": "2016",
    "period": "Q4",
    "revenue": 36560000000,
    "costOfRevenue": 31649000000,
    "grossProfit": 4911000000,
    "researchAndDevelopmentExpenses": 0,
    "generalAndAdministrativeExpenses": 0,
    "sellingAndMarketingExpenses": 0,
    "sellingGeneralAndAdministrativeExpenses": 3696000000,
    "otherExpenses": 24000000,
    "operatingExpenses": 3720000000,
    "costAndExpenses": 35369000000,
    "netInterestIncome": -21000000,
    "interestIncome": 18000000,
    "interestExpense": 39000000,
    "depreciationAndAmortization": 408000000,
    "ebitda": 1628000000,
    "ebit": 1220000000,
    "nonOperatingIncomeExcludingInterest": -29000000,
    "operatingIncome": 1191000000,
    "totalOtherIncomeExpensesNet": -10000000,
    "incomeBeforeTax": 1181000000,
    "incomeTaxExpense": 396000000,
    "netIncomeFromContinuingOperations": 785000000,
    "netIncomeFromDiscontinuedOperations": 0,
    "otherAdjustmentsToNetIncome": 0,
    "netIncome": 779000000,
    "netIncomeDeductions": 0,
    "bottomLineNetIncome": 779000000,
    "eps": 1.78,
    "epsDiluted": 1.77,
    "weightedAverageShsOut": 437809000,
    "weightedAverageShsOutDil": 440868000
  },
  {
    "date": "2016-05-08",
    "symbol": "COST",
    "reportedCurrency": "USD",
    "cik": "0000909832",
    "filingDate": "2016-06-01",
    "acceptedDate": "2016-06-01 16:12:33",
    "fiscalYear": "2016",
    "period": "Q3",
    "revenue": 26769000000,
    "costOfRevenue": 23162000000,
    "grossProfit": 3607000000,
    "researchAndDevelopmentExpenses": 0,
    "generalAndAdministrativeExpenses": 0,
    "sellingAndMarketingExpenses": 0,
    "sellingGeneralAndAdministrativeExpenses": 2731000000,
    "otherExpenses": 18000000,
    "operatingExpenses": 2749000000,
    "costAndExpenses": 25911000000,
    "netInterestIncome": -16000000,
    "interestIncome": 14000000,
    "interestExpense": 30000000,
    "depreciationAndAmortization": 291000000,
    "ebitda": 1156000000,
    "ebit": 865000000,
    "nonOperatingIncomeExcludingInterest": -7000000,
    "operatingIncome": 858000000,
    "totalOtherIncomeExpensesNet": -23000000,
    "incomeBeforeTax": 835000000,
    "incomeTaxExpense": 286000000,
    "netIncomeFromContinuingOperations": 549000000,
    "netIncomeFromDiscontinuedOperations": 0,
    "otherAdjustmentsToNetIncome": 0,
    "netIncome": 545000000,
    "netIncomeDeductions": 0,
    "bottomLineNetIncome": 545000000,
    "eps": 1.24,
    "epsDiluted": 1.24,
    "weightedAverageShsOut": 438815000,
    "weightedAverageShsOutDil": 441066000
  },
  {
    "date": "2016-02-14",
    "symbol": "COST",
    "reportedCurrency": "USD",
    "cik": "0000909832",
    "filingDate": "2016-03-09",
    "acceptedDate": "2016-03-09 14:47:12",
    "fiscalYear": "2016",
    "period": "Q2",
    "revenue": 28170000000,
    "costOfRevenue": 24469000000,
    "grossProfit": 3701000000,
    "researchAndDevelopmentExpenses": 0,
    "generalAndAdministrativeExpenses": 0,
    "sellingAndMarketingExpenses": 0,
    "sellingGeneralAndAdministrativeExpenses": 2835000000,
    "otherExpenses": 3000000,
    "operatingExpenses": 2845000000,
    "costAndExpenses": 27314000000,
    "netInterestIncome": -21000000,
    "interestIncome": 10000000,
    "interestExpense": 31000000,
    "depreciationAndAmortization": 285000000,
    "ebitda": 1157000000,
    "ebit": 872000000,
    "nonOperatingIncomeExcludingInterest": -16000000,
    "operatingIncome": 856000000,
    "totalOtherIncomeExpensesNet": -15000000,
    "incomeBeforeTax": 841000000,
    "incomeTaxExpense": 286000000,
    "netIncomeFromContinuingOperations": 555000000,
    "netIncomeFromDiscontinuedOperations": 0,
    "otherAdjustmentsToNetIncome": 0,
    "netIncome": 546000000,
    "netIncomeDeductions": 0,
    "bottomLineNetIncome": 546000000,
    "eps": 1.24,
    "epsDiluted": 1.24,
    "weightedAverageShsOut": 439648000,
    "weightedAverageShsOutDil": 441559000
  },
  {
    "date": "2015-11-22",
    "symbol": "COST",
    "reportedCurrency": "USD",
    "cik": "0000909832",
    "filingDate": "2015-12-18",
    "acceptedDate": "2015-12-17 17:40:00",
    "fiscalYear": "2016",
    "period": "Q1",
    "revenue": 27220000000,
    "costOfRevenue": 23621000000,
    "grossProfit": 3599000000,
    "researchAndDevelopmentExpenses": 0,
    "generalAndAdministrativeExpenses": 0,
    "sellingAndMarketingExpenses": 0,
    "sellingGeneralAndAdministrativeExpenses": 2806000000,
    "otherExpenses": 26000000,
    "operatingExpenses": 2832000000,
    "costAndExpenses": 26453000000,
    "netInterestIncome": -23000000,
    "interestIncome": 10000000,
    "interestExpense": 33000000,
    "depreciationAndAmortization": 271000000,
    "ebitda": 1066000000,
    "ebit": 795000000,
    "nonOperatingIncomeExcludingInterest": -28000000,
    "operatingIncome": 767000000,
    "totalOtherIncomeExpensesNet": -5000000,
    "incomeBeforeTax": 762000000,
    "incomeTaxExpense": 275000000,
    "netIncomeFromContinuingOperations": 487000000,
    "netIncomeFromDiscontinuedOperations": 0,
    "otherAdjustmentsToNetIncome": 0,
    "netIncome": 480000000,
    "netIncomeDeductions": 0,
    "bottomLineNetIncome": 480000000,
    "eps": 1.1,
    "epsDiluted": 1.09,
    "weightedAverageShsOut": 438342000,
    "weightedAverageShsOutDil": 441386000
  },
  {
    "date": "2015-08-31",
    "symbol": "COST",
    "reportedCurrency": "USD",
    "cik": "0000909832",
    "filingDate": "2015-10-14",
    "acceptedDate": "2015-10-13 18:50:16",
    "fiscalYear": "2015",
    "period": "Q4",
    "revenue": 35778000000,
    "costOfRevenue": 31096000000,
    "grossProfit": 4682000000,
    "researchAndDevelopmentExpenses": 0,
    "generalAndAdministrativeExpenses": 0,
    "sellingAndMarketingExpenses": 0,
    "sellingGeneralAndAdministrativeExpenses": 3499000000,
    "otherExpenses": 27000000,
    "operatingExpenses": 3526000000,
    "costAndExpenses": 34622000000,
    "netInterestIncome": -27000000,
    "interestIncome": 13000000,
    "interestExpense": 40000000,
    "depreciationAndAmortization": 351000000,
    "ebitda": 1547000000,
    "ebit": 1196000000,
    "nonOperatingIncomeExcludingInterest": -40000000,
    "operatingIncome": 1156000000,
    "totalOtherIncomeExpensesNet": 0,
    "incomeBeforeTax": 1156000000,
    "incomeTaxExpense": 378000000,
    "netIncomeFromContinuingOperations": 778000000,
    "netIncomeFromDiscontinuedOperations": 0,
    "otherAdjustmentsToNetIncome": 0,
    "netIncome": 767000000,
    "netIncomeDeductions": 0,
    "bottomLineNetIncome": 767000000,
    "eps": 1.75,
    "epsDiluted": 1.73,
    "weightedAverageShsOut": 438835000,
    "weightedAverageShsOutDil": 442404000
  },
  {
    "date": "2015-05-10",
    "symbol": "COST",
    "reportedCurrency": "USD",
    "cik": "0000909832",
    "filingDate": "2015-06-04",
    "acceptedDate": "2015-06-04 17:18:09",
    "fiscalYear": "2015",
    "period": "Q3",
    "revenue": 26101000000,
    "costOfRevenue": 22687000000,
    "grossProfit": 3414000000,
    "researchAndDevelopmentExpenses": 0,
    "generalAndAdministrativeExpenses": 0,
    "sellingAndMarketingExpenses": 0,
    "sellingGeneralAndAdministrativeExpenses": 2579000000,
    "otherExpenses": 2000000,
    "operatingExpenses": 2593000000,
    "costAndExpenses": 25280000000,
    "netInterestIncome": -19000000,
    "interestIncome": 12000000,
    "interestExpense": 31000000,
    "depreciationAndAmortization": 776000000,
    "ebitda": 1606000000,
    "ebit": 830000000,
    "nonOperatingIncomeExcludingInterest": -9000000,
    "operatingIncome": 821000000,
    "totalOtherIncomeExpensesNet": -22000000,
    "incomeBeforeTax": 799000000,
    "incomeTaxExpense": 280000000,
    "netIncomeFromContinuingOperations": 519000000,
    "netIncomeFromDiscontinuedOperations": 0,
    "otherAdjustmentsToNetIncome": 0,
    "netIncome": 516000000,
    "netIncomeDeductions": 0,
    "bottomLineNetIncome": 516000000,
    "eps": 1.17,
    "epsDiluted": 1.17,
    "weightedAverageShsOut": 440070000,
    "weightedAverageShsOutDil": 443132000
  },
  {
    "date": "2015-02-15",
    "symbol": "COST",
    "reportedCurrency": "USD",
    "cik": "0000909832",
    "filingDate": "2015-03-11",
    "acceptedDate": "2015-03-11 17:23:47",
    "fiscalYear": "2015",
    "period": "Q2",
    "revenue": 27454000000,
    "costOfRevenue": 23897000000,
    "grossProfit": 3557000000,
    "researchAndDevelopmentExpenses": 0,
    "generalAndAdministrativeExpenses": 0,
    "sellingAndMarketingExpenses": 0,
    "sellingGeneralAndAdministrativeExpenses": 2671000000,
    "otherExpenses": 3000000,
    "operatingExpenses": 2680000000,
    "costAndExpenses": 26577000000,
    "netInterestIncome": -9000000,
    "interestIncome": 18000000,
    "interestExpense": 27000000,
    "depreciationAndAmortization": 260000000,
    "ebitda": 1157000000,
    "ebit": 897000000,
    "nonOperatingIncomeExcludingInterest": -20000000,
    "operatingIncome": 877000000,
    "totalOtherIncomeExpensesNet": -7000000,
    "incomeBeforeTax": 870000000,
    "incomeTaxExpense": 263000000,
    "netIncomeFromContinuingOperations": 607000000,
    "netIncomeFromDiscontinuedOperations": 0,
    "otherAdjustmentsToNetIncome": 0,
    "netIncome": 598000000,
    "netIncomeDeductions": 0,
    "bottomLineNetIncome": 598000000,
    "eps": 1.36,
    "epsDiluted": 1.35,
    "weightedAverageShsOut": 440384000,
    "weightedAverageShsOutDil": 442896000
  },
  {
    "date": "2014-11-23",
    "symbol": "COST",
    "reportedCurrency": "USD",
    "cik": "0000909832",
    "filingDate": "2014-12-18",
    "acceptedDate": "2014-12-18 15:44:46",
    "fiscalYear": "2015",
    "period": "Q1",
    "revenue": 26866000000,
    "costOfRevenue": 23385000000,
    "grossProfit": 3481000000,
    "researchAndDevelopmentExpenses": 0,
    "generalAndAdministrativeExpenses": 0,
    "sellingAndMarketingExpenses": 0,
    "sellingGeneralAndAdministrativeExpenses": 2696000000,
    "otherExpenses": 15000000,
    "operatingExpenses": 2711000000,
    "costAndExpenses": 26096000000,
    "netInterestIncome": -12000000,
    "interestIncome": 14000000,
    "interestExpense": 26000000,
    "depreciationAndAmortization": 254000000,
    "ebitda": 1059000000,
    "ebit": 805000000,
    "nonOperatingIncomeExcludingInterest": -35000000,
    "operatingIncome": 770000000,
    "totalOtherIncomeExpensesNet": 9000000,
    "incomeBeforeTax": 779000000,
    "incomeTaxExpense": 274000000,
    "netIncomeFromContinuingOperations": 505000000,
    "netIncomeFromDiscontinuedOperations": 0,
    "otherAdjustmentsToNetIncome": 0,
    "netIncome": 496000000,
    "netIncomeDeductions": 0,
    "bottomLineNetIncome": 496000000,
    "eps": 1.13,
    "epsDiluted": 1.12,
    "weightedAverageShsOut": 438760000,
    "weightedAverageShsOutDil": 442210000
  },
  {
    "date": "2014-08-31",
    "symbol": "COST",
    "reportedCurrency": "USD",
    "cik": "0000909832",
    "filingDate": "2014-10-15",
    "acceptedDate": "2014-10-15 17:30:17",
    "fiscalYear": "2014",
    "period": "Q4",
    "revenue": 35523000000,
    "costOfRevenue": 31037000000,
    "grossProfit": 4486000000,
    "researchAndDevelopmentExpenses": 0,
    "generalAndAdministrativeExpenses": 0,
    "sellingAndMarketingExpenses": 0,
    "sellingGeneralAndAdministrativeExpenses": 3380000000,
    "otherExpenses": 1000000,
    "operatingExpenses": 3395000000,
    "costAndExpenses": 34432000000,
    "netInterestIncome": -17000000,
    "interestIncome": 18000000,
    "interestExpense": 35000000,
    "depreciationAndAmortization": -150000000,
    "ebitda": 1121000000,
    "ebit": 1121000000,
    "nonOperatingIncomeExcludingInterest": -30000000,
    "operatingIncome": 1091000000,
    "totalOtherIncomeExpensesNet": -5000000,
    "incomeBeforeTax": 1086000000,
    "incomeTaxExpense": 381000000,
    "netIncomeFromContinuingOperations": 705000000,
    "netIncomeFromDiscontinuedOperations": 0,
    "otherAdjustmentsToNetIncome": 0,
    "netIncome": 697000000,
    "netIncomeDeductions": 0,
    "bottomLineNetIncome": 697000000,
    "eps": 1.59,
    "epsDiluted": 1.58,
    "weightedAverageShsOut": 437875000,
    "weightedAverageShsOutDil": 441887000
  },
  {
    "date": "2014-05-11",
    "symbol": "COST",
    "reportedCurrency": "USD",
    "cik": "0000909832",
    "filingDate": "2014-06-05",
    "acceptedDate": "2014-06-04 17:39:28",
    "fiscalYear": "2014",
    "period": "Q3",
    "revenue": 25794000000,
    "costOfRevenue": 22554000000,
    "grossProfit": 3240000000,
    "researchAndDevelopmentExpenses": 0,
    "generalAndAdministrativeExpenses": 0,
    "sellingAndMarketingExpenses": 0,
    "sellingGeneralAndAdministrativeExpenses": 2487000000,
    "otherExpenses": 16000000,
    "operatingExpenses": 2503000000,
    "costAndExpenses": 25057000000,
    "netInterestIncome": -11000000,
    "interestIncome": 14000000,
    "interestExpense": 25000000,
    "depreciationAndAmortization": 708000000,
    "ebitda": 1457000000,
    "ebit": 749000000,
    "nonOperatingIncomeExcludingInterest": -12000000,
    "operatingIncome": 737000000,
    "totalOtherIncomeExpensesNet": -13000000,
    "incomeBeforeTax": 724000000,
    "incomeTaxExpense": 245000000,
    "netIncomeFromContinuingOperations": 479000000,
    "netIncomeFromDiscontinuedOperations": 0,
    "otherAdjustmentsToNetIncome": 0,
    "netIncome": 473000000,
    "netIncomeDeductions": 0,
    "bottomLineNetIncome": 473000000,
    "eps": 1.08,
    "epsDiluted": 1.07,
    "weightedAverageShsOut": 439446000,
    "weightedAverageShsOutDil": 442720000
  },
  {
    "date": "2014-02-16",
    "symbol": "COST",
    "reportedCurrency": "USD",
    "cik": "0000909832",
    "filingDate": "2014-03-14",
    "acceptedDate": "2014-03-14 15:58:45",
    "fiscalYear": "2014",
    "period": "Q2",
    "revenue": 26306000000,
    "costOfRevenue": 23043000000,
    "grossProfit": 3263000000,
    "researchAndDevelopmentExpenses": 0,
    "generalAndAdministrativeExpenses": 0,
    "sellingAndMarketingExpenses": 0,
    "sellingGeneralAndAdministrativeExpenses": 2531000000,
    "otherExpenses": 5000000,
    "operatingExpenses": 2539000000,
    "costAndExpenses": 25582000000,
    "netInterestIncome": -9000000,
    "interestIncome": 17000000,
    "interestExpense": 26000000,
    "depreciationAndAmortization": 240000000,
    "ebitda": 994000000,
    "ebit": 754000000,
    "nonOperatingIncomeExcludingInterest": -30000000,
    "operatingIncome": 724000000,
    "totalOtherIncomeExpensesNet": 4000000,
    "incomeBeforeTax": 728000000,
    "incomeTaxExpense": 255000000,
    "netIncomeFromContinuingOperations": 473000000,
    "netIncomeFromDiscontinuedOperations": 0,
    "otherAdjustmentsToNetIncome": 0,
    "netIncome": 463000000,
    "netIncomeDeductions": 0,
    "bottomLineNetIncome": 463000000,
    "eps": 1.05,
    "epsDiluted": 1.05,
    "weightedAverageShsOut": 439776000,
    "weightedAverageShsOutDil": 442829000
  },
  {
    "date": "2013-11-24",
    "symbol": "COST",
    "reportedCurrency": "USD",
    "cik": "0000909832",
    "filingDate": "2013-12-20",
    "acceptedDate": "2013-12-20 15:21:41",
    "fiscalYear": "2014",
    "period": "Q1",
    "revenue": 25017000000,
    "costOfRevenue": 21824000000,
    "grossProfit": 3193000000,
    "researchAndDevelopmentExpenses": 0,
    "generalAndAdministrativeExpenses": 0,
    "sellingAndMarketingExpenses": 0,
    "sellingGeneralAndAdministrativeExpenses": 2501000000,
    "otherExpenses": 24000000,
    "operatingExpenses": 2525000000,
    "costAndExpenses": 24349000000,
    "netInterestIncome": -12000000,
    "interestIncome": 15000000,
    "interestExpense": 27000000,
    "depreciationAndAmortization": 231000000,
    "ebitda": 917000000,
    "ebit": 686000000,
    "nonOperatingIncomeExcludingInterest": -18000000,
    "operatingIncome": 668000000,
    "totalOtherIncomeExpensesNet": -9000000,
    "incomeBeforeTax": 659000000,
    "incomeTaxExpense": 228000000,
    "netIncomeFromContinuingOperations": 431000000,
    "netIncomeFromDiscontinuedOperations": 0,
    "otherAdjustmentsToNetIncome": 0,
    "netIncome": 425000000,
    "netIncomeDeductions": 0,
    "bottomLineNetIncome": 425000000,
    "eps": 0.97,
    "epsDiluted": 0.96,
    "weightedAverageShsOut": 437970000,
    "weightedAverageShsOutDil": 442420000
  },
  {
    "date": "2013-08-31",
    "symbol": "COST",
    "reportedCurrency": "USD",
    "cik": "0000909832",
    "filingDate": "2013-10-16",
    "acceptedDate": "2013-10-16 15:39:54",
    "fiscalYear": "2013",
    "period": "Q4",
    "revenue": 32487000000,
    "costOfRevenue": 28418000000,
    "grossProfit": 4069000000,
    "researchAndDevelopmentExpenses": 0,
    "generalAndAdministrativeExpenses": 0,
    "sellingAndMarketingExpenses": 0,
    "sellingGeneralAndAdministrativeExpenses": 3098000000,
    "otherExpenses": 3000000,
    "operatingExpenses": 3115000000,
    "costAndExpenses": 31533000000,
    "netInterestIncome": -18000000,
    "interestIncome": 18000000,
    "interestExpense": 36000000,
    "depreciationAndAmortization": 295000000,
    "ebitda": 1285000000,
    "ebit": 990000000,
    "nonOperatingIncomeExcludingInterest": -36000000,
    "operatingIncome": 954000000,
    "totalOtherIncomeExpensesNet": 0,
    "incomeBeforeTax": 954000000,
    "incomeTaxExpense": 332000000,
    "netIncomeFromContinuingOperations": 622000000,
    "netIncomeFromDiscontinuedOperations": 0,
    "otherAdjustmentsToNetIncome": 0,
    "netIncome": 617000000,
    "netIncomeDeductions": 0,
    "bottomLineNetIncome": 617000000,
    "eps": 1.41,
    "epsDiluted": 1.4,
    "weightedAverageShsOut": 436752000,
    "weightedAverageShsOutDil": 441907000
  },
  {
    "date": "2013-05-12",
    "symbol": "COST",
    "reportedCurrency": "USD",
    "cik": "0000909832",
    "filingDate": "2013-06-11",
    "acceptedDate": "2013-06-11 17:22:05",
    "fiscalYear": "2013",
    "period": "Q3",
    "revenue": 24083000000,
    "costOfRevenue": 21038000000,
    "grossProfit": 3045000000,
    "researchAndDevelopmentExpenses": 0,
    "generalAndAdministrativeExpenses": 0,
    "sellingAndMarketingExpenses": 0,
    "sellingGeneralAndAdministrativeExpenses": 2313000000,
    "otherExpenses": 6000000,
    "operatingExpenses": 2323000000,
    "costAndExpenses": 23361000000,
    "netInterestIncome": -10000000,
    "interestIncome": 15000000,
    "interestExpense": 25000000,
    "depreciationAndAmortization": 651000000,
    "ebitda": 1388000000,
    "ebit": 737000000,
    "nonOperatingIncomeExcludingInterest": -15000000,
    "operatingIncome": 722000000,
    "totalOtherIncomeExpensesNet": -10000000,
    "incomeBeforeTax": 712000000,
    "incomeTaxExpense": 248000000,
    "netIncomeFromContinuingOperations": 464000000,
    "netIncomeFromDiscontinuedOperations": 0,
    "otherAdjustmentsToNetIncome": 0,
    "netIncome": 459000000,
    "netIncomeDeductions": 0,
    "bottomLineNetIncome": 459000000,
    "eps": 1.05,
    "epsDiluted": 1.04,
    "weightedAverageShsOut": 436488000,
    "weightedAverageShsOutDil": 440780000
  },
  {
    "date": "2013-02-17",
    "symbol": "COST",
    "reportedCurrency": "USD",
    "cik": "0000909832",
    "filingDate": "2013-03-20",
    "acceptedDate": "2013-03-20 15:22:38",
    "fiscalYear": "2013",
    "period": "Q2",
    "revenue": 24871000000,
    "costOfRevenue": 21766000000,
    "grossProfit": 3105000000,
    "researchAndDevelopmentExpenses": 0,
    "generalAndAdministrativeExpenses": 0,
    "sellingAndMarketingExpenses": 0,
    "sellingGeneralAndAdministrativeExpenses": 2361000000,
    "otherExpenses": 3000000,
    "operatingExpenses": 2367000000,
    "costAndExpenses": 24133000000,
    "netInterestIncome": -12000000,
    "interestIncome": 13000000,
    "interestExpense": 25000000,
    "depreciationAndAmortization": 217000000,
    "ebitda": 981000000,
    "ebit": 764000000,
    "nonOperatingIncomeExcludingInterest": -26000000,
    "operatingIncome": 738000000,
    "totalOtherIncomeExpensesNet": 1000000,
    "incomeBeforeTax": 739000000,
    "incomeTaxExpense": 185000000,
    "netIncomeFromContinuingOperations": 554000000,
    "netIncomeFromDiscontinuedOperations": 0,
    "otherAdjustmentsToNetIncome": 0,
    "netIncome": 547000000,
    "netIncomeDeductions": 0,
    "bottomLineNetIncome": 547000000,
    "eps": 1.26,
    "epsDiluted": 1.24,
    "weightedAverageShsOut": 435975000,
    "weightedAverageShsOutDil": 439812000
  },
  {
    "date": "2012-11-25",
    "symbol": "COST",
    "reportedCurrency": "USD",
    "cik": "0000909832",
    "filingDate": "2012-12-21",
    "acceptedDate": "2012-12-21 16:05:04",
    "fiscalYear": "2013",
    "period": "Q1",
    "revenue": 23715000000,
    "costOfRevenue": 20726000000,
    "grossProfit": 2989000000,
    "researchAndDevelopmentExpenses": 0,
    "generalAndAdministrativeExpenses": 0,
    "sellingAndMarketingExpenses": 0,
    "sellingGeneralAndAdministrativeExpenses": 2332000000,
    "otherExpenses": 18000000,
    "operatingExpenses": 2350000000,
    "costAndExpenses": 23076000000,
    "netInterestIncome": -1000000,
    "interestIncome": 12000000,
    "interestExpense": 13000000,
    "depreciationAndAmortization": 213000000,
    "ebitda": 872000000,
    "ebit": 659000000,
    "nonOperatingIncomeExcludingInterest": -20000000,
    "operatingIncome": 639000000,
    "totalOtherIncomeExpensesNet": 7000000,
    "incomeBeforeTax": 646000000,
    "incomeTaxExpense": 225000000,
    "netIncomeFromContinuingOperations": 421000000,
    "netIncomeFromDiscontinuedOperations": 0,
    "otherAdjustmentsToNetIncome": 0,
    "netIncome": 416000000,
    "netIncomeDeductions": 0,
    "bottomLineNetIncome": 416000000,
    "eps": 0.96,
    "epsDiluted": 0.95,
    "weightedAverageShsOut": 433423000,
    "weightedAverageShsOutDil": 438643000
  },
  {
    "date": "2012-08-31",
    "symbol": "COST",
    "reportedCurrency": "USD",
    "cik": "0000909832",
    "filingDate": "2012-10-19",
    "acceptedDate": "2012-10-19 17:26:26",
    "fiscalYear": "2012",
    "period": "Q4",
    "revenue": 32218000000,
    "costOfRevenue": 28210000000,
    "grossProfit": 4008000000,
    "researchAndDevelopmentExpenses": 0,
    "generalAndAdministrativeExpenses": 0,
    "sellingAndMarketingExpenses": 0,
    "sellingGeneralAndAdministrativeExpenses": 3044000000,
    "otherExpenses": 5000000,
    "operatingExpenses": 3059000000,
    "costAndExpenses": 31269000000,
    "netInterestIncome": -1000000,
    "interestIncome": 21000000,
    "interestExpense": 22000000,
    "depreciationAndAmortization": 292000000,
    "ebitda": 1279000000,
    "ebit": 987000000,
    "nonOperatingIncomeExcludingInterest": -38000000,
    "operatingIncome": 949000000,
    "totalOtherIncomeExpensesNet": 16000000,
    "incomeBeforeTax": 965000000,
    "incomeTaxExpense": 343000000,
    "netIncomeFromContinuingOperations": 622000000,
    "netIncomeFromDiscontinuedOperations": 0,
    "otherAdjustmentsToNetIncome": 0,
    "netIncome": 609000000,
    "netIncomeDeductions": -1000000,
    "bottomLineNetIncome": 608000000,
    "eps": 1.3,
    "epsDiluted": 1.3,
    "weightedAverageShsOut": 431940000,
    "weightedAverageShsOutDil": 438000000
  },
  {
    "date": "2012-05-06",
    "symbol": "COST",
    "reportedCurrency": "USD",
    "cik": "0000909832",
    "filingDate": "2012-06-06",
    "acceptedDate": "2012-06-06 16:30:23",
    "fiscalYear": "2012",
    "period": "Q3",
    "revenue": 22324000000,
    "costOfRevenue": 19543000000,
    "grossProfit": 2781000000,
    "researchAndDevelopmentExpenses": 0,
    "generalAndAdministrativeExpenses": 0,
    "sellingAndMarketingExpenses": 0,
    "sellingGeneralAndAdministrativeExpenses": 2151000000,
    "otherExpenses": 4000000,
    "operatingExpenses": 2158000000,
    "costAndExpenses": 21701000000,
    "netInterestIncome": -4000000,
    "interestIncome": 15000000,
    "interestExpense": 19000000,
    "depreciationAndAmortization": 202000000,
    "ebitda": 843000000,
    "ebit": 641000000,
    "nonOperatingIncomeExcludingInterest": -18000000,
    "operatingIncome": 623000000,
    "totalOtherIncomeExpensesNet": -1000000,
    "incomeBeforeTax": 622000000,
    "incomeTaxExpense": 217000000,
    "netIncomeFromContinuingOperations": 405000000,
    "netIncomeFromDiscontinuedOperations": 0,
    "otherAdjustmentsToNetIncome": 0,
    "netIncome": 386000000,
    "netIncomeDeductions": 0,
    "bottomLineNetIncome": 386000000,
    "eps": 0.89,
    "epsDiluted": 0.88,
    "weightedAverageShsOut": 433791000,
    "weightedAverageShsOutDil": 439166000
  },
  {
    "date": "2012-02-12",
    "symbol": "COST",
    "reportedCurrency": "USD",
    "cik": "0000909832",
    "filingDate": "2012-03-15",
    "acceptedDate": "2012-03-14 18:00:30",
    "fiscalYear": "2012",
    "period": "Q2",
    "revenue": 22967000000,
    "costOfRevenue": 20139000000,
    "grossProfit": 2828000000,
    "researchAndDevelopmentExpenses": 0,
    "generalAndAdministrativeExpenses": 0,
    "sellingAndMarketingExpenses": 0,
    "sellingGeneralAndAdministrativeExpenses": 2176000000,
    "otherExpenses": 2000000,
    "operatingExpenses": 2184000000,
    "costAndExpenses": 22323000000,
    "netInterestIncome": -14000000,
    "interestIncome": 13000000,
    "interestExpense": 27000000,
    "depreciationAndAmortization": 209000000,
    "ebitda": 863000000,
    "ebit": 654000000,
    "nonOperatingIncomeExcludingInterest": -10000000,
    "operatingIncome": 644000000,
    "totalOtherIncomeExpensesNet": -17000000,
    "incomeBeforeTax": 627000000,
    "incomeTaxExpense": 215000000,
    "netIncomeFromContinuingOperations": 412000000,
    "netIncomeFromDiscontinuedOperations": 0,
    "otherAdjustmentsToNetIncome": 0,
    "netIncome": 394000000,
    "netIncomeDeductions": 0,
    "bottomLineNetIncome": 394000000,
    "eps": 0.91,
    "epsDiluted": 0.9,
    "weightedAverageShsOut": 434535000,
    "weightedAverageShsOutDil": 439468000
  },
  {
    "date": "2011-11-20",
    "symbol": "COST",
    "reportedCurrency": "USD",
    "cik": "0000909832",
    "filingDate": "2011-12-16",
    "acceptedDate": "2011-12-16 16:26:37",
    "fiscalYear": "2012",
    "period": "Q1",
    "revenue": 21628000000,
    "costOfRevenue": 18931000000,
    "grossProfit": 2697000000,
    "researchAndDevelopmentExpenses": 0,
    "generalAndAdministrativeExpenses": 0,
    "sellingAndMarketingExpenses": 0,
    "sellingGeneralAndAdministrativeExpenses": 2145000000,
    "otherExpenses": 9000000,
    "operatingExpenses": 2154000000,
    "costAndExpenses": 21085000000,
    "netInterestIncome": -16000000,
    "interestIncome": 11000000,
    "interestExpense": 27000000,
    "depreciationAndAmortization": 205000000,
    "ebitda": 785000000,
    "ebit": 580000000,
    "nonOperatingIncomeExcludingInterest": -37000000,
    "operatingIncome": 543000000,
    "totalOtherIncomeExpensesNet": 10000000,
    "incomeBeforeTax": 553000000,
    "incomeTaxExpense": 225000000,
    "netIncomeFromContinuingOperations": 328000000,
    "netIncomeFromDiscontinuedOperations": 0,
    "otherAdjustmentsToNetIncome": 0,
    "netIncome": 320000000,
    "netIncomeDeductions": 0,
    "bottomLineNetIncome": 320000000,
    "eps": 0.74,
    "epsDiluted": 0.73,
    "weightedAverageShsOut": 434222000,
    "weightedAverageShsOutDil": 440615000
  },
  {
    "date": "2011-08-31",
    "symbol": "COST",
    "reportedCurrency": "USD",
    "cik": "0000909832",
    "filingDate": "2011-10-14",
    "acceptedDate": "2011-10-14 17:04:24",
    "fiscalYear": "2011",
    "period": "Q4",
    "revenue": 28178000000,
    "costOfRevenue": 24680000000,
    "grossProfit": 3498000000,
    "researchAndDevelopmentExpenses": 0,
    "generalAndAdministrativeExpenses": 0,
    "sellingAndMarketingExpenses": 0,
    "sellingGeneralAndAdministrativeExpenses": 2712000000,
    "otherExpenses": 24000000,
    "operatingExpenses": 2736000000,
    "costAndExpenses": 27416000000,
    "netInterestIncome": -21000000,
    "interestIncome": 15000000,
    "interestExpense": 36000000,
    "depreciationAndAmortization": 273000000,
    "ebitda": 1081000000,
    "ebit": 808000000,
    "nonOperatingIncomeExcludingInterest": -46000000,
    "operatingIncome": 762000000,
    "totalOtherIncomeExpensesNet": 10000000,
    "incomeBeforeTax": 772000000,
    "incomeTaxExpense": 272000000,
    "netIncomeFromContinuingOperations": 500000000,
    "netIncomeFromDiscontinuedOperations": 0,
    "otherAdjustmentsToNetIncome": 0,
    "netIncome": 478000000,
    "netIncomeDeductions": 0,
    "bottomLineNetIncome": 478000000,
    "eps": 1.09,
    "epsDiluted": 1.08,
    "weightedAverageShsOut": 436596000,
    "weightedAverageShsOutDil": 443518000
  },
  {
    "date": "2011-05-08",
    "symbol": "COST",
    "reportedCurrency": "USD",
    "cik": "0000909832",
    "filingDate": "2011-06-09",
    "acceptedDate": "2011-06-08 19:40:52",
    "fiscalYear": "2011",
    "period": "Q3",
    "revenue": 20623000000,
    "costOfRevenue": 18067000000,
    "grossProfit": 2556000000,
    "researchAndDevelopmentExpenses": 0,
    "generalAndAdministrativeExpenses": 0,
    "sellingAndMarketingExpenses": 0,
    "sellingGeneralAndAdministrativeExpenses": 1991000000,
    "otherExpenses": 9000000,
    "operatingExpenses": 2000000000,
    "costAndExpenses": 20067000000,
    "netInterestIncome": -14000000,
    "interestIncome": 13000000,
    "interestExpense": 27000000,
    "depreciationAndAmortization": 196000000,
    "ebitda": 757000000,
    "ebit": 561000000,
    "nonOperatingIncomeExcludingInterest": -5000000,
    "operatingIncome": 556000000,
    "totalOtherIncomeExpensesNet": -22000000,
    "incomeBeforeTax": 534000000,
    "incomeTaxExpense": 193000000,
    "netIncomeFromContinuingOperations": 341000000,
    "netIncomeFromDiscontinuedOperations": 0,
    "otherAdjustmentsToNetIncome": 0,
    "netIncome": 324000000,
    "netIncomeDeductions": 1000000,
    "bottomLineNetIncome": 325000000,
    "eps": 0.74,
    "epsDiluted": 0.73,
    "weightedAverageShsOut": 436977000,
    "weightedAverageShsOutDil": 443570000
  },
  {
    "date": "2011-02-13",
    "symbol": "COST",
    "reportedCurrency": "USD",
    "cik": "0000909832",
    "filingDate": "2011-03-17",
    "acceptedDate": "2011-03-17 12:13:54",
    "fiscalYear": "2011",
    "period": "Q2",
    "revenue": 20875000000,
    "costOfRevenue": 18235000000,
    "grossProfit": 2640000000,
    "researchAndDevelopmentExpenses": 0,
    "generalAndAdministrativeExpenses": 0,
    "sellingAndMarketingExpenses": 0,
    "sellingGeneralAndAdministrativeExpenses": 2038000000,
    "otherExpenses": 6000000,
    "operatingExpenses": 2044000000,
    "costAndExpenses": 20279000000,
    "netInterestIncome": -15000000,
    "interestIncome": 12000000,
    "interestExpense": 27000000,
    "depreciationAndAmortization": 195000000,
    "ebitda": 795000000,
    "ebit": 600000000,
    "nonOperatingIncomeExcludingInterest": -4000000,
    "operatingIncome": 596000000,
    "totalOtherIncomeExpensesNet": -23000000,
    "incomeBeforeTax": 573000000,
    "incomeTaxExpense": 204000000,
    "netIncomeFromContinuingOperations": 369000000,
    "netIncomeFromDiscontinuedOperations": 0,
    "otherAdjustmentsToNetIncome": 0,
    "netIncome": 348000000,
    "netIncomeDeductions": 0,
    "bottomLineNetIncome": 348000000,
    "eps": 0.8,
    "epsDiluted": 0.79,
    "weightedAverageShsOut": 436682000,
    "weightedAverageShsOutDil": 443186000
  },
  {
    "date": "2010-11-21",
    "symbol": "COST",
    "reportedCurrency": "USD",
    "cik": "0000909832",
    "filingDate": "2010-12-17",
    "acceptedDate": "2010-12-17 16:49:25",
    "fiscalYear": "2011",
    "period": "Q1",
    "revenue": 19239000000,
    "costOfRevenue": 16757000000,
    "grossProfit": 2482000000,
    "researchAndDevelopmentExpenses": 0,
    "generalAndAdministrativeExpenses": 0,
    "sellingAndMarketingExpenses": 0,
    "sellingGeneralAndAdministrativeExpenses": 1941000000,
    "otherExpenses": 16000000,
    "operatingExpenses": 1957000000,
    "costAndExpenses": 18714000000,
    "netInterestIncome": -19000000,
    "interestIncome": 7000000,
    "interestExpense": 26000000,
    "depreciationAndAmortization": 191000000,
    "ebitda": 721000000,
    "ebit": 530000000,
    "nonOperatingIncomeExcludingInterest": -5000000,
    "operatingIncome": 525000000,
    "totalOtherIncomeExpensesNet": -21000000,
    "incomeBeforeTax": 504000000,
    "incomeTaxExpense": 172000000,
    "netIncomeFromContinuingOperations": 332000000,
    "netIncomeFromDiscontinuedOperations": 0,
    "otherAdjustmentsToNetIncome": 0,
    "netIncome": 312000000,
    "netIncomeDeductions": 0,
    "bottomLineNetIncome": 312000000,
    "eps": 0.72,
    "epsDiluted": 0.71,
    "weightedAverageShsOut": 434099000,
    "weightedAverageShsOutDil": 441360000
  },
  {
    "date": "2010-08-31",
    "symbol": "COST",
    "reportedCurrency": "USD",
    "cik": "0000909832",
    "filingDate": "2010-10-18",
    "acceptedDate": "2010-10-15 18:40:36",
    "fiscalYear": "2010",
    "period": "Q4",
    "revenue": 24125000000,
    "costOfRevenue": 21024000000,
    "grossProfit": 3101000000,
    "researchAndDevelopmentExpenses": 0,
    "generalAndAdministrativeExpenses": 0,
    "sellingAndMarketingExpenses": 0,
    "sellingGeneralAndAdministrativeExpenses": 2401000000,
    "otherExpenses": 12000000,
    "operatingExpenses": 2413000000,
    "costAndExpenses": 23437000000,
    "netInterestIncome": -26000000,
    "interestIncome": 8000000,
    "interestExpense": 34000000,
    "depreciationAndAmortization": 246000000,
    "ebitda": 964000000,
    "ebit": 718000000,
    "nonOperatingIncomeExcludingInterest": -30000000,
    "operatingIncome": 688000000,
    "totalOtherIncomeExpensesNet": -4000000,
    "incomeBeforeTax": 684000000,
    "incomeTaxExpense": 247000000,
    "netIncomeFromContinuingOperations": 437000000,
    "netIncomeFromDiscontinuedOperations": 0,
    "otherAdjustmentsToNetIncome": 0,
    "netIncome": 432000000,
    "netIncomeDeductions": 1000000,
    "bottomLineNetIncome": 433000000,
    "eps": 0.99,
    "epsDiluted": 0.97,
    "weightedAverageShsOut": 437071000,
    "weightedAverageShsOutDil": 444289000
  },
  {
    "date": "2010-05-09",
    "symbol": "COST",
    "reportedCurrency": "USD",
    "cik": "0000909832",
    "filingDate": "2010-06-10",
    "acceptedDate": "2010-06-10 14:48:48",
    "fiscalYear": "2010",
    "period": "Q3",
    "revenue": 17780000000,
    "costOfRevenue": 15494000000,
    "grossProfit": 2286000000,
    "researchAndDevelopmentExpenses": 0,
    "generalAndAdministrativeExpenses": 0,
    "sellingAndMarketingExpenses": 0,
    "sellingGeneralAndAdministrativeExpenses": 1789000000,
    "otherExpenses": 6000000,
    "operatingExpenses": 1795000000,
    "costAndExpenses": 17289000000,
    "netInterestIncome": -23000000,
    "interestIncome": 4000000,
    "interestExpense": 27000000,
    "depreciationAndAmortization": 180000000,
    "ebitda": 681000000,
    "ebit": 501000000,
    "nonOperatingIncomeExcludingInterest": -10000000,
    "operatingIncome": 491000000,
    "totalOtherIncomeExpensesNet": -17000000,
    "incomeBeforeTax": 474000000,
    "incomeTaxExpense": 163000000,
    "netIncomeFromContinuingOperations": 311000000,
    "netIncomeFromDiscontinuedOperations": 0,
    "otherAdjustmentsToNetIncome": 0,
    "netIncome": 306000000,
    "netIncomeDeductions": 0,
    "bottomLineNetIncome": 306000000,
    "eps": 0.69,
    "epsDiluted": 0.68,
    "weightedAverageShsOut": 440973000,
    "weightedAverageShsOutDil": 448391000
  },
  {
    "date": "2010-02-14",
    "symbol": "COST",
    "reportedCurrency": "USD",
    "cik": "0000909832",
    "filingDate": "2010-03-17",
    "acceptedDate": "2010-03-17 13:53:28",
    "fiscalYear": "2010",
    "period": "Q2",
    "revenue": 18742000000,
    "costOfRevenue": 16396000000,
    "grossProfit": 2346000000,
    "researchAndDevelopmentExpenses": 0,
    "generalAndAdministrativeExpenses": 0,
    "sellingAndMarketingExpenses": 0,
    "sellingGeneralAndAdministrativeExpenses": 1873000000,
    "otherExpenses": 3000000,
    "operatingExpenses": 1876000000,
    "costAndExpenses": 18272000000,
    "netInterestIncome": -22000000,
    "interestIncome": 4000000,
    "interestExpense": 26000000,
    "depreciationAndAmortization": 185000000,
    "ebitda": 685000000,
    "ebit": 500000000,
    "nonOperatingIncomeExcludingInterest": -30000000,
    "operatingIncome": 470000000,
    "totalOtherIncomeExpensesNet": 4000000,
    "incomeBeforeTax": 474000000,
    "incomeTaxExpense": 169000000,
    "netIncomeFromContinuingOperations": 305000000,
    "netIncomeFromDiscontinuedOperations": 0,
    "otherAdjustmentsToNetIncome": 0,
    "netIncome": 299000000,
    "netIncomeDeductions": 0,
    "bottomLineNetIncome": 299000000,
    "eps": 0.68,
    "epsDiluted": 0.67,
    "weightedAverageShsOut": 439786000,
    "weightedAverageShsOutDil": 446918000
  },
  {
    "date": "2009-11-22",
    "symbol": "COST",
    "reportedCurrency": "USD",
    "cik": "0000909832",
    "filingDate": "2009-12-18",
    "acceptedDate": "2009-12-18 12:50:27",
    "fiscalYear": "2010",
    "period": "Q1",
    "revenue": 17299000000,
    "costOfRevenue": 15081000000,
    "grossProfit": 2218000000,
    "researchAndDevelopmentExpenses": 0,
    "generalAndAdministrativeExpenses": 0,
    "sellingAndMarketingExpenses": 0,
    "sellingGeneralAndAdministrativeExpenses": 1777000000,
    "otherExpenses": 13000000,
    "operatingExpenses": 1790000000,
    "costAndExpenses": 16871000000,
    "netInterestIncome": -17000000,
    "interestIncome": 7000000,
    "interestExpense": 24000000,
    "depreciationAndAmortization": 184000000,
    "ebitda": 630000000,
    "ebit": 446000000,
    "nonOperatingIncomeExcludingInterest": -18000000,
    "operatingIncome": 428000000,
    "totalOtherIncomeExpensesNet": -6000000,
    "incomeBeforeTax": 422000000,
    "incomeTaxExpense": 152000000,
    "netIncomeFromContinuingOperations": 270000000,
    "netIncomeFromDiscontinuedOperations": 0,
    "otherAdjustmentsToNetIncome": 0,
    "netIncome": 266000000,
    "netIncomeDeductions": 0,
    "bottomLineNetIncome": 266000000,
    "eps": 0.61,
    "epsDiluted": 0.6,
    "weightedAverageShsOut": 437173000,
    "weightedAverageShsOutDil": 444849000
  },
  {
    "date": "2009-08-31",
    "symbol": "COST",
    "reportedCurrency": "USD",
    "cik": "0000909832",
    "filingDate": "2009-10-16",
    "acceptedDate": "2009-10-16 12:41:07",
    "fiscalYear": "2009",
    "period": "Q4",
    "revenue": 22378000000,
    "costOfRevenue": 19512000000,
    "grossProfit": 2866000000,
    "researchAndDevelopmentExpenses": 0,
    "generalAndAdministrativeExpenses": 0,
    "sellingAndMarketingExpenses": 0,
    "sellingGeneralAndAdministrativeExpenses": 2266000000,
    "otherExpenses": 0,
    "operatingExpenses": 2266000000,
    "costAndExpenses": 21778000000,
    "netInterestIncome": -5000000,
    "interestIncome": 28000000,
    "interestExpense": 33000000,
    "depreciationAndAmortization": 241000000,
    "ebitda": 854000000,
    "ebit": 613000000,
    "nonOperatingIncomeExcludingInterest": -15000000,
    "operatingIncome": 598000000,
    "totalOtherIncomeExpensesNet": -18000000,
    "incomeBeforeTax": 580000000,
    "incomeTaxExpense": 206000000,
    "netIncomeFromContinuingOperations": 374000000,
    "netIncomeFromDiscontinuedOperations": 0,
    "otherAdjustmentsToNetIncome": 0,
    "netIncome": 374000000,
    "netIncomeDeductions": 0,
    "bottomLineNetIncome": 374000000,
    "eps": 0.85,
    "epsDiluted": 0.85,
    "weightedAverageShsOut": 435674000,
    "weightedAverageShsOutDil": 442000000
  },
  {
    "date": "2009-05-10",
    "symbol": "COST",
    "reportedCurrency": "USD",
    "cik": "0000909832",
    "filingDate": "2009-06-12",
    "acceptedDate": "2009-06-12 14:35:06",
    "fiscalYear": "2009",
    "period": "Q3",
    "revenue": 15806000000,
    "costOfRevenue": 13776000000,
    "grossProfit": 2030000000,
    "researchAndDevelopmentExpenses": 0,
    "generalAndAdministrativeExpenses": 0,
    "sellingAndMarketingExpenses": 0,
    "sellingGeneralAndAdministrativeExpenses": 1664000000,
    "otherExpenses": 0,
    "operatingExpenses": 1664000000,
    "costAndExpenses": 15440000000,
    "netInterestIncome": -22000000,
    "interestIncome": 3000000,
    "interestExpense": 25000000,
    "depreciationAndAmortization": 171000000,
    "ebitda": 536000000,
    "ebit": 365000000,
    "nonOperatingIncomeExcludingInterest": -6000000,
    "operatingIncome": 359000000,
    "totalOtherIncomeExpensesNet": -19000000,
    "incomeBeforeTax": 338000000,
    "incomeTaxExpense": 128000000,
    "netIncomeFromContinuingOperations": 212000000,
    "netIncomeFromDiscontinuedOperations": 0,
    "otherAdjustmentsToNetIncome": 0,
    "netIncome": 210000000,
    "netIncomeDeductions": 0,
    "bottomLineNetIncome": 210000000,
    "eps": 0.48,
    "epsDiluted": 0.48,
    "weightedAverageShsOut": 434354000,
    "weightedAverageShsOutDil": 439997000
  },
  {
    "date": "2009-02-15",
    "symbol": "COST",
    "reportedCurrency": "USD",
    "cik": "0000909832",
    "filingDate": "2009-03-18",
    "acceptedDate": "2009-03-18 14:56:00",
    "fiscalYear": "2009",
    "period": "Q2",
    "revenue": 16843000000,
    "costOfRevenue": 14771000000,
    "grossProfit": 2072000000,
    "researchAndDevelopmentExpenses": 0,
    "generalAndAdministrativeExpenses": 0,
    "sellingAndMarketingExpenses": 0,
    "sellingGeneralAndAdministrativeExpenses": 1673000000,
    "otherExpenses": 1000000,
    "operatingExpenses": 1674000000,
    "costAndExpenses": 16445000000,
    "netInterestIncome": -17000000,
    "interestIncome": 8000000,
    "interestExpense": 25000000,
    "depreciationAndAmortization": 161000000,
    "ebitda": 571000000,
    "ebit": 410000000,
    "nonOperatingIncomeExcludingInterest": -12000000,
    "operatingIncome": 398000000,
    "totalOtherIncomeExpensesNet": -13000000,
    "incomeBeforeTax": 381000000,
    "incomeTaxExpense": 142000000,
    "netIncomeFromContinuingOperations": 243000000,
    "netIncomeFromDiscontinuedOperations": 0,
    "otherAdjustmentsToNetIncome": 0,
    "netIncome": 239000000,
    "netIncomeDeductions": 0,
    "bottomLineNetIncome": 239000000,
    "eps": 0.55,
    "epsDiluted": 0.55,
    "weightedAverageShsOut": 433476000,
    "weightedAverageShsOutDil": 439688000
  },
  {
    "date": "2008-11-23",
    "symbol": "COST",
    "reportedCurrency": "USD",
    "cik": "0000909832",
    "filingDate": "2008-12-19",
    "acceptedDate": "2008-12-19 16:15:01",
    "fiscalYear": "2009",
    "period": "Q1",
    "revenue": 16395000000,
    "costOfRevenue": 14276000000,
    "grossProfit": 2119000000,
    "researchAndDevelopmentExpenses": 0,
    "generalAndAdministrativeExpenses": 0,
    "sellingAndMarketingExpenses": 0,
    "sellingGeneralAndAdministrativeExpenses": 1690000000,
    "otherExpenses": 7000000,
    "operatingExpenses": 1697000000,
    "costAndExpenses": 15973000000,
    "netInterestIncome": -19000000,
    "interestIncome": 6000000,
    "interestExpense": 25000000,
    "depreciationAndAmortization": 155000000,
    "ebitda": 598000000,
    "ebit": 443000000,
    "nonOperatingIncomeExcludingInterest": -21000000,
    "operatingIncome": 422000000,
    "totalOtherIncomeExpensesNet": -4000000,
    "incomeBeforeTax": 415000000,
    "incomeTaxExpense": 152000000,
    "netIncomeFromContinuingOperations": 266000000,
    "netIncomeFromDiscontinuedOperations": 0,
    "otherAdjustmentsToNetIncome": 0,
    "netIncome": 263000000,
    "netIncomeDeductions": 0,
    "bottomLineNetIncome": 263000000,
    "eps": 0.61,
    "epsDiluted": 0.6,
    "weightedAverageShsOut": 432451000,
    "weightedAverageShsOutDil": 440533000
  },
  {
    "date": "2008-08-31",
    "symbol": "COST",
    "reportedCurrency": "USD",
    "cik": "0000909832",
    "filingDate": "2008-10-16",
    "acceptedDate": "2008-10-16 17:27:27",
    "fiscalYear": "2008",
    "period": "Q4",
    "revenue": 23099887000,
    "costOfRevenue": 20298028000,
    "grossProfit": 2801859000,
    "researchAndDevelopmentExpenses": 0,
    "generalAndAdministrativeExpenses": 0,
    "sellingAndMarketingExpenses": 0,
    "sellingGeneralAndAdministrativeExpenses": 2203956000,
    "otherExpenses": -6171000,
    "operatingExpenses": 2197785000,
    "costAndExpenses": 22495813000,
    "netInterestIncome": 0,
    "interestIncome": 0,
    "interestExpense": 0,
    "depreciationAndAmortization": 216560000,
    "ebitda": 820634000,
    "ebit": 604074000,
    "nonOperatingIncomeExcludingInterest": 0,
    "operatingIncome": 604074000,
    "totalOtherIncomeExpensesNet": 2949000,
    "incomeBeforeTax": 607023000,
    "incomeTaxExpense": 209195000,
    "netIncomeFromContinuingOperations": 397828000,
    "netIncomeFromDiscontinuedOperations": 0,
    "otherAdjustmentsToNetIncome": 0,
    "netIncome": 397828000,
    "netIncomeDeductions": 0,
    "bottomLineNetIncome": 397828000,
    "eps": 0.9,
    "epsDiluted": 0.9,
    "weightedAverageShsOut": 434223000,
    "weightedAverageShsOutDil": 441000000
  },
  {
    "date": "2008-05-11",
    "symbol": "COST",
    "reportedCurrency": "USD",
    "cik": "0000909832",
    "filingDate": "2008-06-13",
    "acceptedDate": "2008-06-13 15:40:40",
    "fiscalYear": "2008",
    "period": "Q3",
    "revenue": 16613717000,
    "costOfRevenue": 14548022000,
    "grossProfit": 2065695000,
    "researchAndDevelopmentExpenses": 0,
    "generalAndAdministrativeExpenses": 0,
    "sellingAndMarketingExpenses": 0,
    "sellingGeneralAndAdministrativeExpenses": 1590915000,
    "otherExpenses": 9205000,
    "operatingExpenses": 1600120000,
    "costAndExpenses": 16148142000,
    "netInterestIncome": -6000000,
    "interestIncome": 19000000,
    "interestExpense": 25000000,
    "depreciationAndAmortization": 149458000,
    "ebitda": 639458000,
    "ebit": 490000000,
    "nonOperatingIncomeExcludingInterest": -24000000,
    "operatingIncome": 465575000,
    "totalOtherIncomeExpensesNet": -1000000,
    "incomeBeforeTax": 465323000,
    "incomeTaxExpense": 170257000,
    "netIncomeFromContinuingOperations": 295000000,
    "netIncomeFromDiscontinuedOperations": 0,
    "otherAdjustmentsToNetIncome": 0,
    "netIncome": 295000000,
    "netIncomeDeductions": 0,
    "bottomLineNetIncome": 295000000,
    "eps": 0.68,
    "epsDiluted": 0.67,
    "weightedAverageShsOut": 433678000,
    "weightedAverageShsOutDil": 443281000
  },
  {
    "date": "2008-02-17",
    "symbol": "COST",
    "reportedCurrency": "USD",
    "cik": "0000909832",
    "filingDate": "2008-03-28",
    "acceptedDate": "2008-03-28 16:56:12",
    "fiscalYear": "2008",
    "period": "Q2",
    "revenue": 16959886000,
    "costOfRevenue": 14833189000,
    "grossProfit": 2126697000,
    "researchAndDevelopmentExpenses": 0,
    "generalAndAdministrativeExpenses": 0,
    "sellingAndMarketingExpenses": 0,
    "sellingGeneralAndAdministrativeExpenses": 1625230000,
    "otherExpenses": -2865000,
    "operatingExpenses": 1622365000,
    "costAndExpenses": 16455554000,
    "netInterestIncome": 0,
    "interestIncome": 0,
    "interestExpense": 0,
    "depreciationAndAmortization": 145542000,
    "ebitda": 649874000,
    "ebit": 504332000,
    "nonOperatingIncomeExcludingInterest": 0,
    "operatingIncome": 504332000,
    "totalOtherIncomeExpensesNet": 17133000,
    "incomeBeforeTax": 521465000,
    "incomeTaxExpense": 193615000,
    "netIncomeFromContinuingOperations": 327850000,
    "netIncomeFromDiscontinuedOperations": 0,
    "otherAdjustmentsToNetIncome": 0,
    "netIncome": 327850000,
    "netIncomeDeductions": 0,
    "bottomLineNetIncome": 327850000,
    "eps": 0.75,
    "epsDiluted": 0.74,
    "weightedAverageShsOut": 434779000,
    "weightedAverageShsOutDil": 444925000
  },
  {
    "date": "2007-11-25",
    "symbol": "COST",
    "reportedCurrency": "USD",
    "cik": "0000909832",
    "filingDate": "2007-12-21",
    "acceptedDate": "2007-12-21 15:41:54",
    "fiscalYear": "2008",
    "period": "Q1",
    "revenue": 15809530000,
    "costOfRevenue": 13823511000,
    "grossProfit": 1986019000,
    "researchAndDevelopmentExpenses": 0,
    "generalAndAdministrativeExpenses": 0,
    "sellingAndMarketingExpenses": 0,
    "sellingGeneralAndAdministrativeExpenses": 1591086000,
    "otherExpenses": 79000,
    "operatingExpenses": 1591165000,
    "costAndExpenses": 15414676000,
    "netInterestIncome": 0,
    "interestIncome": 0,
    "interestExpense": 0,
    "depreciationAndAmortization": 141000000,
    "ebitda": 536000000,
    "ebit": 395000000,
    "nonOperatingIncomeExcludingInterest": 0,
    "operatingIncome": 394854000,
    "totalOtherIncomeExpensesNet": 10309000,
    "incomeBeforeTax": 405163000,
    "incomeTaxExpense": 143182000,
    "netIncomeFromContinuingOperations": 262000000,
    "netIncomeFromDiscontinuedOperations": 0,
    "otherAdjustmentsToNetIncome": 0,
    "netIncome": 262000000,
    "netIncomeDeductions": 0,
    "bottomLineNetIncome": 262000000,
    "eps": 0.6,
    "epsDiluted": 0.59,
    "weightedAverageShsOut": 435090000,
    "weightedAverageShsOutDil": 445717000
  },
  {
    "date": "2007-08-31",
    "symbol": "COST",
    "reportedCurrency": "USD",
    "cik": "0000909832",
    "filingDate": "2007-10-25",
    "acceptedDate": "2007-10-25 15:39:49",
    "fiscalYear": "2007",
    "period": "Q4",
    "revenue": 20477260000,
    "costOfRevenue": 17931405000,
    "grossProfit": 2545855000,
    "researchAndDevelopmentExpenses": 0,
    "generalAndAdministrativeExpenses": 0,
    "sellingAndMarketingExpenses": 0,
    "sellingGeneralAndAdministrativeExpenses": 1985916000,
    "otherExpenses": 13608000,
    "operatingExpenses": 1999524000,
    "costAndExpenses": 19930929000,
    "netInterestIncome": 0,
    "interestIncome": 0,
    "interestExpense": 0,
    "depreciationAndAmortization": 177960000,
    "ebitda": 724291000,
    "ebit": 546331000,
    "nonOperatingIncomeExcludingInterest": 8722000,
    "operatingIncome": 555053000,
    "totalOtherIncomeExpensesNet": 26706000,
    "incomeBeforeTax": 581759000,
    "incomeTaxExpense": 209337000,
    "netIncomeFromContinuingOperations": 372422000,
    "netIncomeFromDiscontinuedOperations": 0,
    "otherAdjustmentsToNetIncome": 0,
    "netIncome": 372422000,
    "netIncomeDeductions": 0,
    "bottomLineNetIncome": 372422000,
    "eps": 0.83,
    "epsDiluted": 0.83,
    "weightedAverageShsOut": 435404000,
    "weightedAverageShsOutDil": 449000000
  },
  {
    "date": "2007-05-13",
    "symbol": "COST",
    "reportedCurrency": "USD",
    "cik": "0000909832",
    "filingDate": "2007-06-15",
    "acceptedDate": "2007-06-15 16:50:36",
    "fiscalYear": "2007",
    "period": "Q3",
    "revenue": 14659255000,
    "costOfRevenue": 12877587000,
    "grossProfit": 1781668000,
    "researchAndDevelopmentExpenses": 0,
    "generalAndAdministrativeExpenses": 0,
    "sellingAndMarketingExpenses": 0,
    "sellingGeneralAndAdministrativeExpenses": 1441672000,
    "otherExpenses": 0,
    "operatingExpenses": 1441672000,
    "costAndExpenses": 14319259000,
    "netInterestIncome": 0,
    "interestIncome": 0,
    "interestExpense": 0,
    "depreciationAndAmortization": 129830000,
    "ebitda": 469826000,
    "ebit": 339996000,
    "nonOperatingIncomeExcludingInterest": -931000,
    "operatingIncome": 339065000,
    "totalOtherIncomeExpensesNet": 16822000,
    "incomeBeforeTax": 355887000,
    "incomeTaxExpense": 131901000,
    "netIncomeFromContinuingOperations": 223986000,
    "netIncomeFromDiscontinuedOperations": 0,
    "otherAdjustmentsToNetIncome": 0,
    "netIncome": 223986000,
    "netIncomeDeductions": 0,
    "bottomLineNetIncome": 223986000,
    "eps": 0.5,
    "epsDiluted": 0.49,
    "weightedAverageShsOut": 445471000,
    "weightedAverageShsOutDil": 455889000
  },
  {
    "date": "2007-02-18",
    "symbol": "COST",
    "reportedCurrency": "USD",
    "cik": "0000909832",
    "filingDate": "2007-03-30",
    "acceptedDate": "2007-03-30 15:53:56",
    "fiscalYear": "2007",
    "period": "Q2",
    "revenue": 15112016000,
    "costOfRevenue": 13251752000,
    "grossProfit": 1860264000,
    "researchAndDevelopmentExpenses": 0,
    "generalAndAdministrativeExpenses": 0,
    "sellingAndMarketingExpenses": 0,
    "sellingGeneralAndAdministrativeExpenses": 1495477000,
    "otherExpenses": 0,
    "operatingExpenses": 1495477000,
    "costAndExpenses": 14747229000,
    "netInterestIncome": 0,
    "interestIncome": 0,
    "interestExpense": 0,
    "depreciationAndAmortization": 131619000,
    "ebitda": 496406000,
    "ebit": 364787000,
    "nonOperatingIncomeExcludingInterest": -3459000,
    "operatingIncome": 361328000,
    "totalOtherIncomeExpensesNet": 32906000,
    "incomeBeforeTax": 394234000,
    "incomeTaxExpense": 144756000,
    "netIncomeFromContinuingOperations": 249478000,
    "netIncomeFromDiscontinuedOperations": 0,
    "otherAdjustmentsToNetIncome": 0,
    "netIncome": 249478000,
    "netIncomeDeductions": 0,
    "bottomLineNetIncome": 249478000,
    "eps": 0.55,
    "epsDiluted": 0.54,
    "weightedAverageShsOut": 450901000,
    "weightedAverageShsOutDil": 461575000
  },
  {
    "date": "2006-11-26",
    "symbol": "COST",
    "reportedCurrency": "USD",
    "cik": "0000909832",
    "filingDate": "2006-12-22",
    "acceptedDate": "2006-12-22 15:39:23",
    "fiscalYear": "2007",
    "period": "Q1",
    "revenue": 14151624000,
    "costOfRevenue": 12388958000,
    "grossProfit": 1762666000,
    "researchAndDevelopmentExpenses": 0,
    "generalAndAdministrativeExpenses": 0,
    "sellingAndMarketingExpenses": 0,
    "sellingGeneralAndAdministrativeExpenses": 1405194000,
    "otherExpenses": 0,
    "operatingExpenses": 1405194000,
    "costAndExpenses": 13794152000,
    "netInterestIncome": 0,
    "interestIncome": 0,
    "interestExpense": 0,
    "depreciationAndAmortization": 126976000,
    "ebitda": 484448000,
    "ebit": 357472000,
    "nonOperatingIncomeExcludingInterest": -4332000,
    "operatingIncome": 353140000,
    "totalOtherIncomeExpensesNet": 24971000,
    "incomeBeforeTax": 378111000,
    "incomeTaxExpense": 141225000,
    "netIncomeFromContinuingOperations": 236886000,
    "netIncomeFromDiscontinuedOperations": 0,
    "otherAdjustmentsToNetIncome": 0,
    "netIncome": 236886000,
    "netIncomeDeductions": 0,
    "bottomLineNetIncome": 236886000,
    "eps": 0.52,
    "epsDiluted": 0.51,
    "weightedAverageShsOut": 458873000,
    "weightedAverageShsOutDil": 467836000
  },
  {
    "date": "2006-08-31",
    "symbol": "COST",
    "reportedCurrency": "USD",
    "cik": "0000909832",
    "filingDate": "2006-11-17",
    "acceptedDate": "2006-11-17 16:59:34",
    "fiscalYear": "2006",
    "period": "Q4",
    "revenue": 19896123000,
    "costOfRevenue": 17476424000,
    "grossProfit": 2419699000,
    "researchAndDevelopmentExpenses": 0,
    "generalAndAdministrativeExpenses": 0,
    "sellingAndMarketingExpenses": 0,
    "sellingGeneralAndAdministrativeExpenses": 1903953000,
    "otherExpenses": 0,
    "operatingExpenses": 1903953000,
    "costAndExpenses": 19380377000,
    "netInterestIncome": 0,
    "interestIncome": 0,
    "interestExpense": 0,
    "depreciationAndAmortization": 178557000,
    "ebitda": 694303000,
    "ebit": 515746000,
    "nonOperatingIncomeExcludingInterest": -1632000,
    "operatingIncome": 514114000,
    "totalOtherIncomeExpensesNet": 40595000,
    "incomeBeforeTax": 554709000,
    "incomeTaxExpense": 199110000,
    "netIncomeFromContinuingOperations": 355599000,
    "netIncomeFromDiscontinuedOperations": 0,
    "otherAdjustmentsToNetIncome": 0,
    "netIncome": 355599000,
    "netIncomeDeductions": 0,
    "bottomLineNetIncome": 355599000,
    "eps": 0.75,
    "epsDiluted": 0.75,
    "weightedAverageShsOut": 463775000,
    "weightedAverageShsOutDil": 474000000
  },
  {
    "date": "2006-05-07",
    "symbol": "COST",
    "reportedCurrency": "USD",
    "cik": "0000909832",
    "filingDate": "2006-06-16",
    "acceptedDate": "2006-06-16 16:27:49",
    "fiscalYear": "2006",
    "period": "Q3",
    "revenue": 13273175000,
    "costOfRevenue": 11635052000,
    "grossProfit": 1638123000,
    "researchAndDevelopmentExpenses": 0,
    "generalAndAdministrativeExpenses": 0,
    "sellingAndMarketingExpenses": 0,
    "sellingGeneralAndAdministrativeExpenses": 1282234000,
    "otherExpenses": 0,
    "operatingExpenses": 1282234000,
    "costAndExpenses": 12917286000,
    "netInterestIncome": 0,
    "interestIncome": 0,
    "interestExpense": 0,
    "depreciationAndAmortization": 128026000,
    "ebitda": 483915000,
    "ebit": 355889000,
    "nonOperatingIncomeExcludingInterest": -1182000,
    "operatingIncome": 354707000,
    "totalOtherIncomeExpensesNet": 31072000,
    "incomeBeforeTax": 385779000,
    "incomeTaxExpense": 150184000,
    "netIncomeFromContinuingOperations": 235595000,
    "netIncomeFromDiscontinuedOperations": 0,
    "otherAdjustmentsToNetIncome": 0,
    "netIncome": 235595000,
    "netIncomeDeductions": 0,
    "bottomLineNetIncome": 235595000,
    "eps": 0.5,
    "epsDiluted": 0.49,
    "weightedAverageShsOut": 470516000,
    "weightedAverageShsOutDil": 480533000
  },
  {
    "date": "2006-02-12",
    "symbol": "COST",
    "reportedCurrency": "USD",
    "cik": "0000909832",
    "filingDate": "2006-03-23",
    "acceptedDate": "2006-03-23 16:49:39",
    "fiscalYear": "2006",
    "period": "Q2",
    "revenue": 14054576000,
    "costOfRevenue": 12303850000,
    "grossProfit": 1750726000,
    "researchAndDevelopmentExpenses": 0,
    "generalAndAdministrativeExpenses": 0,
    "sellingAndMarketingExpenses": 0,
    "sellingGeneralAndAdministrativeExpenses": 1319410000,
    "otherExpenses": 0,
    "operatingExpenses": 1319410000,
    "costAndExpenses": 13623260000,
    "netInterestIncome": 0,
    "interestIncome": 0,
    "interestExpense": 0,
    "depreciationAndAmortization": 110258000,
    "ebitda": 543002000,
    "ebit": 432744000,
    "nonOperatingIncomeExcludingInterest": -1428000,
    "operatingIncome": 431316000,
    "totalOtherIncomeExpensesNet": 32302000,
    "incomeBeforeTax": 463618000,
    "incomeTaxExpense": 167415000,
    "netIncomeFromContinuingOperations": 296203000,
    "netIncomeFromDiscontinuedOperations": 0,
    "otherAdjustmentsToNetIncome": 0,
    "netIncome": 296203000,
    "netIncomeDeductions": 0,
    "bottomLineNetIncome": 296203000,
    "eps": 0.63,
    "epsDiluted": 0.62,
    "weightedAverageShsOut": 471889000,
    "weightedAverageShsOutDil": 482127000
  },
  {
    "date": "2005-11-20",
    "symbol": "COST",
    "reportedCurrency": "USD",
    "cik": "0000909832",
    "filingDate": "2005-12-21",
    "acceptedDate": "2005-12-21 17:11:23",
    "fiscalYear": "2006",
    "period": "Q1",
    "revenue": 12927353000,
    "costOfRevenue": 11330171000,
    "grossProfit": 1597182000,
    "researchAndDevelopmentExpenses": 0,
    "generalAndAdministrativeExpenses": 0,
    "sellingAndMarketingExpenses": 0,
    "sellingGeneralAndAdministrativeExpenses": 1271687000,
    "otherExpenses": 0,
    "operatingExpenses": 1271687000,
    "costAndExpenses": 12601858000,
    "netInterestIncome": 0,
    "interestIncome": 0,
    "interestExpense": 0,
    "depreciationAndAmortization": 114139000,
    "ebitda": 439634000,
    "ebit": 325495000,
    "nonOperatingIncomeExcludingInterest": 0,
    "operatingIncome": 325495000,
    "totalOtherIncomeExpensesNet": 21816000,
    "incomeBeforeTax": 347311000,
    "incomeTaxExpense": 131493000,
    "netIncomeFromContinuingOperations": 215818000,
    "netIncomeFromDiscontinuedOperations": 0,
    "otherAdjustmentsToNetIncome": 0,
    "netIncome": 215818000,
    "netIncomeDeductions": 0,
    "bottomLineNetIncome": 215818000,
    "eps": 0.46,
    "epsDiluted": 0.45,
    "weightedAverageShsOut": 472717000,
    "weightedAverageShsOutDil": 486367000
  },
  {
    "date": "2005-08-31",
    "symbol": "COST",
    "reportedCurrency": "USD",
    "cik": "0000909832",
    "filingDate": "2005-11-10",
    "acceptedDate": "2005-11-10 17:04:17",
    "fiscalYear": "2005",
    "period": "Q4",
    "revenue": 16702248000,
    "costOfRevenue": 14654749000,
    "grossProfit": 2047499000,
    "researchAndDevelopmentExpenses": 0,
    "generalAndAdministrativeExpenses": 0,
    "sellingAndMarketingExpenses": 0,
    "sellingGeneralAndAdministrativeExpenses": 1589675000,
    "otherExpenses": -9800000,
    "operatingExpenses": 1579875000,
    "costAndExpenses": 16234624000,
    "netInterestIncome": 0,
    "interestIncome": 0,
    "interestExpense": 0,
    "depreciationAndAmortization": 148283000,
    "ebitda": 615907000,
    "ebit": 467624000,
    "nonOperatingIncomeExcludingInterest": 0,
    "operatingIncome": 467624000,
    "totalOtherIncomeExpensesNet": 1063006000,
    "incomeBeforeTax": 498853000,
    "incomeTaxExpense": 144154000,
    "netIncomeFromContinuingOperations": 354699000,
    "netIncomeFromDiscontinuedOperations": 0,
    "otherAdjustmentsToNetIncome": 0,
    "netIncome": 354699000,
    "netIncomeDeductions": 0,
    "bottomLineNetIncome": 354699000,
    "eps": 0.72,
    "epsDiluted": 0.72,
    "weightedAverageShsOut": 477485000,
    "weightedAverageShsOutDil": 491000000
  },
  {
    "date": "2005-05-08",
    "symbol": "COST",
    "reportedCurrency": "USD",
    "cik": "0000909832",
    "filingDate": "2005-06-16",
    "acceptedDate": "2005-06-16 16:51:03",
    "fiscalYear": "2005",
    "period": "Q3",
    "revenue": 11996900000,
    "costOfRevenue": 10503661000,
    "grossProfit": 1493239000,
    "researchAndDevelopmentExpenses": 0,
    "generalAndAdministrativeExpenses": 0,
    "sellingAndMarketingExpenses": 0,
    "sellingGeneralAndAdministrativeExpenses": 1174100000,
    "otherExpenses": 3000000,
    "operatingExpenses": 1177100000,
    "costAndExpenses": 11680761000,
    "netInterestIncome": 0,
    "interestIncome": 0,
    "interestExpense": 0,
    "depreciationAndAmortization": 111411000,
    "ebitda": 427550000,
    "ebit": 316139000,
    "nonOperatingIncomeExcludingInterest": 0,
    "operatingIncome": 316139000,
    "totalOtherIncomeExpensesNet": 21683000,
    "incomeBeforeTax": 337822000,
    "incomeTaxExpense": 128034000,
    "netIncomeFromContinuingOperations": 209788000,
    "netIncomeFromDiscontinuedOperations": 0,
    "otherAdjustmentsToNetIncome": 0,
    "netIncome": 209788000,
    "netIncomeDeductions": 0,
    "bottomLineNetIncome": 209788000,
    "eps": 0.44,
    "epsDiluted": 0.43,
    "weightedAverageShsOut": 478248000,
    "weightedAverageShsOutDil": 493282000
  },
  {
    "date": "2005-02-13",
    "symbol": "COST",
    "reportedCurrency": "USD",
    "cik": "0000909832",
    "filingDate": "2005-03-24",
    "acceptedDate": "2005-03-24 14:47:21",
    "fiscalYear": "2005",
    "period": "Q2",
    "revenue": 12658077000,
    "costOfRevenue": 11056064000,
    "grossProfit": 1602013000,
    "researchAndDevelopmentExpenses": 0,
    "generalAndAdministrativeExpenses": 0,
    "sellingAndMarketingExpenses": 0,
    "sellingGeneralAndAdministrativeExpenses": 1208118000,
    "otherExpenses": 4000000,
    "operatingExpenses": 1212118000,
    "costAndExpenses": 12268182000,
    "netInterestIncome": 0,
    "interestIncome": 0,
    "interestExpense": 0,
    "depreciationAndAmortization": 110114000,
    "ebitda": 500009000,
    "ebit": 389895000,
    "nonOperatingIncomeExcludingInterest": 0,
    "operatingIncome": 389895000,
    "totalOtherIncomeExpensesNet": 15799000,
    "incomeBeforeTax": 405694000,
    "incomeTaxExpense": 100242000,
    "netIncomeFromContinuingOperations": 305452000,
    "netIncomeFromDiscontinuedOperations": 0,
    "otherAdjustmentsToNetIncome": 0,
    "netIncome": 305452000,
    "netIncomeDeductions": 0,
    "bottomLineNetIncome": 305452000,
    "eps": 0.64,
    "epsDiluted": 0.62,
    "weightedAverageShsOut": 474221000,
    "weightedAverageShsOutDil": 493700000
  },
  {
    "date": "2004-11-21",
    "symbol": "COST",
    "reportedCurrency": "USD",
    "cik": "0000909832",
    "filingDate": "2004-12-17",
    "acceptedDate": "2004-12-17 17:25:35",
    "fiscalYear": "2005",
    "period": "Q1",
    "revenue": 11578003000,
    "costOfRevenue": 10132487000,
    "grossProfit": 1445516000,
    "researchAndDevelopmentExpenses": 0,
    "generalAndAdministrativeExpenses": 0,
    "sellingAndMarketingExpenses": 0,
    "sellingGeneralAndAdministrativeExpenses": 1144871000,
    "otherExpenses": 0,
    "operatingExpenses": 1144871000,
    "costAndExpenses": 11277358000,
    "netInterestIncome": 0,
    "interestIncome": 0,
    "interestExpense": 0,
    "depreciationAndAmortization": 108060000,
    "ebitda": 408705000,
    "ebit": 300645000,
    "nonOperatingIncomeExcludingInterest": 0,
    "operatingIncome": 300645000,
    "totalOtherIncomeExpensesNet": 5948000,
    "incomeBeforeTax": 306593000,
    "incomeTaxExpense": 113440000,
    "netIncomeFromContinuingOperations": 193153000,
    "netIncomeFromDiscontinuedOperations": 0,
    "otherAdjustmentsToNetIncome": 0,
    "netIncome": 193153000,
    "netIncomeDeductions": 0,
    "bottomLineNetIncome": 193153000,
    "eps": 0.41,
    "epsDiluted": 0.4,
    "weightedAverageShsOut": 465869000,
    "weightedAverageShsOutDil": 489284000
  },
  {
    "date": "2004-08-31",
    "symbol": "COST",
    "reportedCurrency": "USD",
    "cik": "0000909832",
    "filingDate": "2004-11-12",
    "acceptedDate": "2004-11-12 17:15:28",
    "fiscalYear": "2004",
    "period": "Q4",
    "revenue": 15139301000,
    "costOfRevenue": 13229605000,
    "grossProfit": 1909696000,
    "researchAndDevelopmentExpenses": 0,
    "generalAndAdministrativeExpenses": 0,
    "sellingAndMarketingExpenses": 0,
    "sellingGeneralAndAdministrativeExpenses": 1442689000,
    "otherExpenses": 1500000,
    "operatingExpenses": 1444189000,
    "costAndExpenses": 14673794000,
    "netInterestIncome": 0,
    "interestIncome": 0,
    "interestExpense": 0,
    "depreciationAndAmortization": 137147000,
    "ebitda": 602654000,
    "ebit": 465507000,
    "nonOperatingIncomeExcludingInterest": 0,
    "operatingIncome": 465507000,
    "totalOtherIncomeExpensesNet": 895970000,
    "incomeBeforeTax": 471060000,
    "incomeTaxExpense": 174292000,
    "netIncomeFromContinuingOperations": 296768000,
    "netIncomeFromDiscontinuedOperations": 0,
    "otherAdjustmentsToNetIncome": 0,
    "netIncome": 296768000,
    "netIncomeDeductions": 0,
    "bottomLineNetIncome": 296768000,
    "eps": 0.61,
    "epsDiluted": 0.61,
    "weightedAverageShsOut": 461959000,
    "weightedAverageShsOutDil": 485000000
  },
  {
    "date": "2004-05-09",
    "symbol": "COST",
    "reportedCurrency": "USD",
    "cik": "0000909832",
    "filingDate": "2004-06-17",
    "acceptedDate": "2004-06-17 14:52:15",
    "fiscalYear": "2004",
    "period": "Q3",
    "revenue": 10897239000,
    "costOfRevenue": 9540312000,
    "grossProfit": 1356927000,
    "researchAndDevelopmentExpenses": 0,
    "generalAndAdministrativeExpenses": 0,
    "sellingAndMarketingExpenses": 0,
    "sellingGeneralAndAdministrativeExpenses": 1055280000,
    "otherExpenses": -8500000,
    "operatingExpenses": 1046780000,
    "costAndExpenses": 10587092000,
    "netInterestIncome": 0,
    "interestIncome": 0,
    "interestExpense": 0,
    "depreciationAndAmortization": 103761000,
    "ebitda": 413908000,
    "ebit": 310147000,
    "nonOperatingIncomeExcludingInterest": 0,
    "operatingIncome": 310147000,
    "totalOtherIncomeExpensesNet": 5184000,
    "incomeBeforeTax": 315331000,
    "incomeTaxExpense": 116673000,
    "netIncomeFromContinuingOperations": 198658000,
    "netIncomeFromDiscontinuedOperations": 0,
    "otherAdjustmentsToNetIncome": 0,
    "netIncome": 198658000,
    "netIncomeDeductions": 0,
    "bottomLineNetIncome": 198658000,
    "eps": 0.43,
    "epsDiluted": 0.42,
    "weightedAverageShsOut": 459074000,
    "weightedAverageShsOutDil": 482485000
  },
  {
    "date": "2004-02-15",
    "symbol": "COST",
    "reportedCurrency": "USD",
    "cik": "0000909832",
    "filingDate": "2004-03-25",
    "acceptedDate": "2004-03-25 16:46:45",
    "fiscalYear": "2004",
    "period": "Q2",
    "revenue": 11548974000,
    "costOfRevenue": 10101977000,
    "grossProfit": 1446997000,
    "researchAndDevelopmentExpenses": 0,
    "generalAndAdministrativeExpenses": 0,
    "sellingAndMarketingExpenses": 0,
    "sellingGeneralAndAdministrativeExpenses": 1088821000,
    "otherExpenses": 3000000,
    "operatingExpenses": 1091821000,
    "costAndExpenses": 11193798000,
    "netInterestIncome": 0,
    "interestIncome": 0,
    "interestExpense": 0,
    "depreciationAndAmortization": 102474000,
    "ebitda": 457650000,
    "ebit": 355176000,
    "nonOperatingIncomeExcludingInterest": 0,
    "operatingIncome": 355176000,
    "totalOtherIncomeExpensesNet": 4811000,
    "incomeBeforeTax": 359987000,
    "incomeTaxExpense": 133195000,
    "netIncomeFromContinuingOperations": 226792000,
    "netIncomeFromDiscontinuedOperations": 0,
    "otherAdjustmentsToNetIncome": 0,
    "netIncome": 226792000,
    "netIncomeDeductions": 0,
    "bottomLineNetIncome": 226792000,
    "eps": 0.49,
    "epsDiluted": 0.48,
    "weightedAverageShsOut": 458228000,
    "weightedAverageShsOutDil": 481537000
  },
  {
    "date": "2003-11-23",
    "symbol": "COST",
    "reportedCurrency": "USD",
    "cik": "0000909832",
    "filingDate": "2004-01-02",
    "acceptedDate": "2004-01-02 14:27:30",
    "fiscalYear": "2004",
    "period": "Q1",
    "revenue": 10521478000,
    "costOfRevenue": 9220122000,
    "grossProfit": 1301356000,
    "researchAndDevelopmentExpenses": 0,
    "generalAndAdministrativeExpenses": 0,
    "sellingAndMarketingExpenses": 0,
    "sellingGeneralAndAdministrativeExpenses": 1046538000,
    "otherExpenses": 0,
    "operatingExpenses": 1046538000,
    "costAndExpenses": 10266660000,
    "netInterestIncome": 0,
    "interestIncome": 0,
    "interestExpense": 0,
    "depreciationAndAmortization": 97339000,
    "ebitda": 352157000,
    "ebit": 254818000,
    "nonOperatingIncomeExcludingInterest": 0,
    "operatingIncome": 254818000,
    "totalOtherIncomeExpensesNet": -572000,
    "incomeBeforeTax": 254246000,
    "incomeTaxExpense": 94071000,
    "netIncomeFromContinuingOperations": 160175000,
    "netIncomeFromDiscontinuedOperations": 0,
    "otherAdjustmentsToNetIncome": 0,
    "netIncome": 160175000,
    "netIncomeDeductions": 0,
    "bottomLineNetIncome": 160175000,
    "eps": 0.35,
    "epsDiluted": 0.34,
    "weightedAverageShsOut": 457632000,
    "weightedAverageShsOutDil": 480348000
  },
  {
    "date": "2003-08-31",
    "symbol": "COST",
    "reportedCurrency": "USD",
    "cik": "0000909832",
    "filingDate": "2003-11-21",
    "acceptedDate": "2003-11-21 17:21:04",
    "fiscalYear": "2003",
    "period": "Q4",
    "revenue": 13689729000,
    "costOfRevenue": 11987752000,
    "grossProfit": 1701977000,
    "researchAndDevelopmentExpenses": 0,
    "generalAndAdministrativeExpenses": 0,
    "sellingAndMarketingExpenses": 0,
    "sellingGeneralAndAdministrativeExpenses": 1343287000,
    "otherExpenses": -15500000,
    "operatingExpenses": 1327787000,
    "costAndExpenses": 13315539000,
    "netInterestIncome": 0,
    "interestIncome": 0,
    "interestExpense": 0,
    "depreciationAndAmortization": 124393000,
    "ebitda": 498583000,
    "ebit": 374190000,
    "nonOperatingIncomeExcludingInterest": 0,
    "operatingIncome": 374190000,
    "totalOtherIncomeExpensesNet": 727903000,
    "incomeBeforeTax": 375185000,
    "incomeTaxExpense": 135759000,
    "netIncomeFromContinuingOperations": 239426000,
    "netIncomeFromDiscontinuedOperations": 0,
    "otherAdjustmentsToNetIncome": 0,
    "netIncome": 239426000,
    "netIncomeDeductions": 0,
    "bottomLineNetIncome": 239426000,
    "eps": 0.5,
    "epsDiluted": 0.5,
    "weightedAverageShsOut": 480000000,
    "weightedAverageShsOutDil": 480000000
  },
  {
    "date": "2003-05-11",
    "symbol": "COST",
    "reportedCurrency": "USD",
    "cik": "0000909832",
    "filingDate": "2003-06-24",
    "acceptedDate": "2003-06-24 16:24:30",
    "fiscalYear": "2003",
    "period": "Q3",
    "revenue": 9543071000,
    "costOfRevenue": 8358323000,
    "grossProfit": 1184748000,
    "researchAndDevelopmentExpenses": 0,
    "generalAndAdministrativeExpenses": 0,
    "sellingAndMarketingExpenses": 0,
    "sellingGeneralAndAdministrativeExpenses": 929162000,
    "otherExpenses": 6000000,
    "operatingExpenses": 935162000,
    "costAndExpenses": 9293485000,
    "netInterestIncome": 0,
    "interestIncome": 0,
    "interestExpense": 0,
    "depreciationAndAmortization": 91899000,
    "ebitda": 341485000,
    "ebit": 249586000,
    "nonOperatingIncomeExcludingInterest": 0,
    "operatingIncome": 249586000,
    "totalOtherIncomeExpensesNet": 464000,
    "incomeBeforeTax": 250050000,
    "incomeTaxExpense": 96270000,
    "netIncomeFromContinuingOperations": 153780000,
    "netIncomeFromDiscontinuedOperations": 0,
    "otherAdjustmentsToNetIncome": 0,
    "netIncome": 153780000,
    "netIncomeDeductions": 0,
    "bottomLineNetIncome": 153780000,
    "eps": 0.34,
    "epsDiluted": 0.33,
    "weightedAverageShsOut": 456370000,
    "weightedAverageShsOutDil": 479183000
  },
  {
    "date": "2003-02-16",
    "symbol": "COST",
    "reportedCurrency": "USD",
    "cik": "0000909832",
    "filingDate": "2003-03-28",
    "acceptedDate": "2003-03-28 17:15:27",
    "fiscalYear": "2003",
    "period": "Q2",
    "revenue": 10114167000,
    "costOfRevenue": 8840411000,
    "grossProfit": 1273756000,
    "researchAndDevelopmentExpenses": 0,
    "generalAndAdministrativeExpenses": 0,
    "sellingAndMarketingExpenses": 0,
    "sellingGeneralAndAdministrativeExpenses": 974196000,
    "otherExpenses": 4500000,
    "operatingExpenses": 978696000,
    "costAndExpenses": 9819107000,
    "netInterestIncome": 0,
    "interestIncome": 0,
    "interestExpense": 0,
    "depreciationAndAmortization": 89389000,
    "ebitda": 384449000,
    "ebit": 295060000,
    "nonOperatingIncomeExcludingInterest": 0,
    "operatingIncome": 295060000,
    "totalOtherIncomeExpensesNet": 980000,
    "incomeBeforeTax": 296040000,
    "incomeTaxExpense": 113975000,
    "netIncomeFromContinuingOperations": 182065000,
    "netIncomeFromDiscontinuedOperations": 0,
    "otherAdjustmentsToNetIncome": 0,
    "netIncome": 182065000,
    "netIncomeDeductions": 0,
    "bottomLineNetIncome": 182065000,
    "eps": 0.4,
    "epsDiluted": 0.39,
    "weightedAverageShsOut": 455927000,
    "weightedAverageShsOutDil": 478564000
  },
  {
    "date": "2002-11-24",
    "symbol": "COST",
    "reportedCurrency": "USD",
    "cik": "0000909832",
    "filingDate": "2002-12-20",
    "acceptedDate": "2002-12-20 17:19:35",
    "fiscalYear": "2003",
    "period": "Q1",
    "revenue": 9198585000,
    "costOfRevenue": 8048897000,
    "grossProfit": 1149688000,
    "researchAndDevelopmentExpenses": 0,
    "generalAndAdministrativeExpenses": 0,
    "sellingAndMarketingExpenses": 0,
    "sellingGeneralAndAdministrativeExpenses": 911896000,
    "otherExpenses": 0,
    "operatingExpenses": 911896000,
    "costAndExpenses": 8960793000,
    "netInterestIncome": 0,
    "interestIncome": 0,
    "interestExpense": 0,
    "depreciationAndAmortization": 85621000,
    "ebitda": 323413000,
    "ebit": 237792000,
    "nonOperatingIncomeExcludingInterest": 0,
    "operatingIncome": 237792000,
    "totalOtherIncomeExpensesNet": -834000,
    "incomeBeforeTax": 236958000,
    "incomeTaxExpense": 91229000,
    "netIncomeFromContinuingOperations": 145729000,
    "netIncomeFromDiscontinuedOperations": 0,
    "otherAdjustmentsToNetIncome": 0,
    "netIncome": 145729000,
    "netIncomeDeductions": 0,
    "bottomLineNetIncome": 145729000,
    "eps": 0.32,
    "epsDiluted": 0.31,
    "weightedAverageShsOut": 455570000,
    "weightedAverageShsOutDil": 478857000
  },
  {
    "date": "2002-08-31",
    "symbol": "COST",
    "reportedCurrency": "USD",
    "cik": "0000909832",
    "filingDate": "2002-11-22",
    "acceptedDate": "2002-11-22 16:19:43",
    "fiscalYear": "2002",
    "period": "Q4",
    "revenue": 12296347000,
    "costOfRevenue": 10753443000,
    "grossProfit": 1542904000,
    "researchAndDevelopmentExpenses": 0,
    "generalAndAdministrativeExpenses": 0,
    "sellingAndMarketingExpenses": 0,
    "sellingGeneralAndAdministrativeExpenses": 1178276000,
    "otherExpenses": -16050000,
    "operatingExpenses": 1162226000,
    "costAndExpenses": 11915669000,
    "netInterestIncome": 0,
    "interestIncome": 0,
    "interestExpense": 0,
    "depreciationAndAmortization": 112247000,
    "ebitda": 492925000,
    "ebit": 380678000,
    "nonOperatingIncomeExcludingInterest": 0,
    "operatingIncome": 380678000,
    "totalOtherIncomeExpensesNet": 3202000,
    "incomeBeforeTax": 383880000,
    "incomeTaxExpense": 136479000,
    "netIncomeFromContinuingOperations": 247401000,
    "netIncomeFromDiscontinuedOperations": 0,
    "otherAdjustmentsToNetIncome": 0,
    "netIncome": 247401000,
    "netIncomeDeductions": 0,
    "bottomLineNetIncome": 247401000,
    "eps": 0.52,
    "epsDiluted": 0.52,
    "weightedAverageShsOut": 455459000,
    "weightedAverageShsOutDil": 479000000
  },
  {
    "date": "2002-05-12",
    "symbol": "COST",
    "reportedCurrency": "USD",
    "cik": "0000909832",
    "filingDate": "2002-06-14",
    "acceptedDate": "2002-06-14 16:54:15",
    "fiscalYear": "2002",
    "period": "Q3",
    "revenue": 8616747000,
    "costOfRevenue": 7583251000,
    "grossProfit": 1033496000,
    "researchAndDevelopmentExpenses": 0,
    "generalAndAdministrativeExpenses": 0,
    "sellingAndMarketingExpenses": 0,
    "sellingGeneralAndAdministrativeExpenses": 812694000,
    "otherExpenses": 4500000,
    "operatingExpenses": 817194000,
    "costAndExpenses": 8400445000,
    "netInterestIncome": 0,
    "interestIncome": 0,
    "interestExpense": 0,
    "depreciationAndAmortization": 70279000,
    "ebitda": 286581000,
    "ebit": 216302000,
    "nonOperatingIncomeExcludingInterest": 0,
    "operatingIncome": 216302000,
    "totalOtherIncomeExpensesNet": -85932000,
    "incomeBeforeTax": 217283000,
    "incomeTaxExpense": 86913000,
    "netIncomeFromContinuingOperations": 130370000,
    "netIncomeFromDiscontinuedOperations": 0,
    "otherAdjustmentsToNetIncome": 0,
    "netIncome": 130370000,
    "netIncomeDeductions": 0,
    "bottomLineNetIncome": 130370000,
    "eps": 0.29,
    "epsDiluted": 0.28,
    "weightedAverageShsOut": 454272000,
    "weightedAverageShsOutDil": 480256000
  },
  {
    "date": "2002-02-17",
    "symbol": "COST",
    "reportedCurrency": "USD",
    "cik": "0000909832",
    "filingDate": "2002-03-19",
    "acceptedDate": "2002-03-19 00:00:00",
    "fiscalYear": "2002",
    "period": "Q2",
    "revenue": 9382852000,
    "costOfRevenue": 8212030000,
    "grossProfit": 1170822000,
    "researchAndDevelopmentExpenses": 0,
    "generalAndAdministrativeExpenses": 0,
    "sellingAndMarketingExpenses": 0,
    "sellingGeneralAndAdministrativeExpenses": 848621000,
    "otherExpenses": 3000000,
    "operatingExpenses": 851621000,
    "costAndExpenses": 9063651000,
    "netInterestIncome": 0,
    "interestIncome": 0,
    "interestExpense": 0,
    "depreciationAndAmortization": 85138000,
    "ebitda": 404339000,
    "ebit": 319201000,
    "nonOperatingIncomeExcludingInterest": 0,
    "operatingIncome": 319201000,
    "totalOtherIncomeExpensesNet": 1727000,
    "incomeBeforeTax": 320928000,
    "incomeTaxExpense": 128372000,
    "netIncomeFromContinuingOperations": 192556000,
    "netIncomeFromDiscontinuedOperations": 0,
    "otherAdjustmentsToNetIncome": 0,
    "netIncome": 192556000,
    "netIncomeDeductions": 0,
    "bottomLineNetIncome": 192556000,
    "eps": 0.43,
    "epsDiluted": 0.41,
    "weightedAverageShsOut": 452882000,
    "weightedAverageShsOutDil": 479931000
  },
  {
    "date": "2001-11-25",
    "symbol": "COST",
    "reportedCurrency": "USD",
    "cik": "0000909832",
    "filingDate": "2001-12-28",
    "acceptedDate": "2001-12-28 00:00:00",
    "fiscalYear": "2002",
    "period": "Q1",
    "revenue": 8466553000,
    "costOfRevenue": 7434397000,
    "grossProfit": 1032156000,
    "researchAndDevelopmentExpenses": 0,
    "generalAndAdministrativeExpenses": 0,
    "sellingAndMarketingExpenses": 0,
    "sellingGeneralAndAdministrativeExpenses": 816802000,
    "otherExpenses": 0,
    "operatingExpenses": 816802000,
    "costAndExpenses": 8251199000,
    "netInterestIncome": 0,
    "interestIncome": 0,
    "interestExpense": 0,
    "depreciationAndAmortization": 74117000,
    "ebitda": 289471000,
    "ebit": 215354000,
    "nonOperatingIncomeExcludingInterest": 0,
    "operatingIncome": 215354000,
    "totalOtherIncomeExpensesNet": 739000,
    "incomeBeforeTax": 216093000,
    "incomeTaxExpense": 86437000,
    "netIncomeFromContinuingOperations": 129656000,
    "netIncomeFromDiscontinuedOperations": 0,
    "otherAdjustmentsToNetIncome": 0,
    "netIncome": 129656000,
    "netIncomeDeductions": 0,
    "bottomLineNetIncome": 129656000,
    "eps": 0.29,
    "epsDiluted": 0.28,
    "weightedAverageShsOut": 451990000,
    "weightedAverageShsOutDil": 477395000
  },
  {
    "date": "2001-08-31",
    "symbol": "COST",
    "reportedCurrency": "USD",
    "cik": "0000909832",
    "filingDate": "2001-11-16",
    "acceptedDate": "2001-11-16 00:00:00",
    "fiscalYear": "2001",
    "period": "Q4",
    "revenue": 11134555000,
    "costOfRevenue": 9987810000,
    "grossProfit": 1146745000,
    "researchAndDevelopmentExpenses": 0,
    "generalAndAdministrativeExpenses": 0,
    "sellingAndMarketingExpenses": 0,
    "sellingGeneralAndAdministrativeExpenses": 1035231000,
    "otherExpenses": -206908000,
    "operatingExpenses": 828323000,
    "costAndExpenses": 10816133000,
    "netInterestIncome": 0,
    "interestIncome": 0,
    "interestExpense": 0,
    "depreciationAndAmortization": 85069000,
    "ebitda": 403491000,
    "ebit": 318422000,
    "nonOperatingIncomeExcludingInterest": 0,
    "operatingIncome": 318422000,
    "totalOtherIncomeExpensesNet": -532000,
    "incomeBeforeTax": 317890000,
    "incomeTaxExpense": 127156000,
    "netIncomeFromContinuingOperations": 190734000,
    "netIncomeFromDiscontinuedOperations": 0,
    "otherAdjustmentsToNetIncome": 0,
    "netIncome": 190734000,
    "netIncomeDeductions": 0,
    "bottomLineNetIncome": 190734000,
    "eps": 0.4,
    "epsDiluted": 0.4,
    "weightedAverageShsOut": 478000000,
    "weightedAverageShsOutDil": 478000000
  },
  {
    "date": "2001-05-13",
    "symbol": "COST",
    "reportedCurrency": "USD",
    "cik": "0000909832",
    "filingDate": "2001-06-18",
    "acceptedDate": "2001-06-18 00:00:00",
    "fiscalYear": "2001",
    "period": "Q3",
    "revenue": 7718895000,
    "costOfRevenue": 6754347000,
    "grossProfit": 964548000,
    "researchAndDevelopmentExpenses": 0,
    "generalAndAdministrativeExpenses": 0,
    "sellingAndMarketingExpenses": 0,
    "sellingGeneralAndAdministrativeExpenses": 718609000,
    "otherExpenses": 71289000,
    "operatingExpenses": 789898000,
    "costAndExpenses": 7544245000,
    "netInterestIncome": 0,
    "interestIncome": 0,
    "interestExpense": 0,
    "depreciationAndAmortization": 82609000,
    "ebitda": 257259000,
    "ebit": 174650000,
    "nonOperatingIncomeExcludingInterest": 0,
    "operatingIncome": 174650000,
    "totalOtherIncomeExpensesNet": 778000,
    "incomeBeforeTax": 175428000,
    "incomeTaxExpense": 70171000,
    "netIncomeFromContinuingOperations": 105257000,
    "netIncomeFromDiscontinuedOperations": 0,
    "otherAdjustmentsToNetIncome": 0,
    "netIncome": 105257000,
    "netIncomeDeductions": 0,
    "bottomLineNetIncome": 105257000,
    "eps": 0.23,
    "epsDiluted": 0.23,
    "weightedAverageShsOut": 450195000,
    "weightedAverageShsOutDil": 475840000
  },
  {
    "date": "2001-02-18",
    "symbol": "COST",
    "reportedCurrency": "USD",
    "cik": "0000909832",
    "filingDate": "2001-03-26",
    "acceptedDate": "2001-03-26 00:00:00",
    "fiscalYear": "2001",
    "period": "Q2",
    "revenue": 8306309000,
    "costOfRevenue": 7207042000,
    "grossProfit": 1099267000,
    "researchAndDevelopmentExpenses": 0,
    "generalAndAdministrativeExpenses": 0,
    "sellingAndMarketingExpenses": 0,
    "sellingGeneralAndAdministrativeExpenses": 742983000,
    "otherExpenses": 68916000,
    "operatingExpenses": 811899000,
    "costAndExpenses": 8018941000,
    "netInterestIncome": 0,
    "interestIncome": 0,
    "interestExpense": 0,
    "depreciationAndAmortization": 68916000,
    "ebitda": 356284000,
    "ebit": 287368000,
    "nonOperatingIncomeExcludingInterest": 0,
    "operatingIncome": 287368000,
    "totalOtherIncomeExpensesNet": 6927000,
    "incomeBeforeTax": 294295000,
    "incomeTaxExpense": 117718000,
    "netIncomeFromContinuingOperations": 176577000,
    "netIncomeFromDiscontinuedOperations": 0,
    "otherAdjustmentsToNetIncome": 0,
    "netIncome": 176577000,
    "netIncomeDeductions": 0,
    "bottomLineNetIncome": 176577000,
    "eps": 0.39,
    "epsDiluted": 0.38,
    "weightedAverageShsOut": 448788000,
    "weightedAverageShsOutDil": 475488000
  },
  {
    "date": "2000-11-26",
    "symbol": "COST",
    "reportedCurrency": "USD",
    "cik": "0000909832",
    "filingDate": "2000-12-20",
    "acceptedDate": "2000-12-20 00:00:00",
    "fiscalYear": "2001",
    "period": "Q1",
    "revenue": 7637278000,
    "costOfRevenue": 6648941000,
    "grossProfit": 988337000,
    "researchAndDevelopmentExpenses": 0,
    "generalAndAdministrativeExpenses": 0,
    "sellingAndMarketingExpenses": 0,
    "sellingGeneralAndAdministrativeExpenses": 711807000,
    "otherExpenses": 64703000,
    "operatingExpenses": 776510000,
    "costAndExpenses": 7425451000,
    "netInterestIncome": 0,
    "interestIncome": 0,
    "interestExpense": 0,
    "depreciationAndAmortization": 64703000,
    "ebitda": 276530000,
    "ebit": 211827000,
    "nonOperatingIncomeExcludingInterest": 0,
    "operatingIncome": 211827000,
    "totalOtherIncomeExpensesNet": 4041000,
    "incomeBeforeTax": 215868000,
    "incomeTaxExpense": 86347000,
    "netIncomeFromContinuingOperations": 129521000,
    "netIncomeFromDiscontinuedOperations": 0,
    "otherAdjustmentsToNetIncome": 0,
    "netIncome": 129521000,
    "netIncomeDeductions": 0,
    "bottomLineNetIncome": 129521000,
    "eps": 0.29,
    "epsDiluted": 0.28,
    "weightedAverageShsOut": 447676000,
    "weightedAverageShsOutDil": 473920000
  },
  {
    "date": "2000-08-31",
    "symbol": "COST",
    "reportedCurrency": "USD",
    "cik": "0000909832",
    "filingDate": "2000-11-17",
    "acceptedDate": "2000-11-17 00:00:00",
    "fiscalYear": "2000",
    "period": "Q4",
    "revenue": 10589189000,
    "costOfRevenue": 9243466000,
    "grossProfit": 1345723000,
    "researchAndDevelopmentExpenses": 0,
    "generalAndAdministrativeExpenses": 0,
    "sellingAndMarketingExpenses": 0,
    "sellingGeneralAndAdministrativeExpenses": 937126000,
    "otherExpenses": 81890000,
    "operatingExpenses": 1019016000,
    "costAndExpenses": 10262482000,
    "netInterestIncome": 0,
    "interestIncome": 0,
    "interestExpense": 0,
    "depreciationAndAmortization": 81890000,
    "ebitda": 408597000,
    "ebit": 326707000,
    "nonOperatingIncomeExcludingInterest": 0,
    "operatingIncome": 326707000,
    "totalOtherIncomeExpensesNet": 6929000,
    "incomeBeforeTax": 333636000,
    "incomeTaxExpense": 133454000,
    "netIncomeFromContinuingOperations": 200182000,
    "netIncomeFromDiscontinuedOperations": 0,
    "otherAdjustmentsToNetIncome": 0,
    "netIncome": 200182000,
    "netIncomeDeductions": 0,
    "bottomLineNetIncome": 200182000,
    "eps": 0.42,
    "epsDiluted": 0.42,
    "weightedAverageShsOut": 474000000,
    "weightedAverageShsOutDil": 474000000
  },
  {
    "date": "2000-05-07",
    "symbol": "COST",
    "reportedCurrency": "USD",
    "cik": "0000909832",
    "filingDate": "2000-06-14",
    "acceptedDate": "2000-06-14 00:00:00",
    "fiscalYear": "2000",
    "period": "Q3",
    "revenue": 6894608000,
    "costOfRevenue": 6026139000,
    "grossProfit": 868469000,
    "researchAndDevelopmentExpenses": 0,
    "generalAndAdministrativeExpenses": 0,
    "sellingAndMarketingExpenses": 0,
    "sellingGeneralAndAdministrativeExpenses": 613152000,
    "otherExpenses": 58107000,
    "operatingExpenses": 671259000,
    "costAndExpenses": 6697398000,
    "netInterestIncome": 0,
    "interestIncome": 0,
    "interestExpense": 0,
    "depreciationAndAmortization": 58107000,
    "ebitda": 255317000,
    "ebit": 197210000,
    "nonOperatingIncomeExcludingInterest": 0,
    "operatingIncome": 197210000,
    "totalOtherIncomeExpensesNet": 3339000,
    "incomeBeforeTax": 200549000,
    "incomeTaxExpense": 80220000,
    "netIncomeFromContinuingOperations": 120329000,
    "netIncomeFromDiscontinuedOperations": 0,
    "otherAdjustmentsToNetIncome": 0,
    "netIncome": 120329000,
    "netIncomeDeductions": 0,
    "bottomLineNetIncome": 120329000,
    "eps": 0.27,
    "epsDiluted": 0.26,
    "weightedAverageShsOut": 448113000,
    "weightedAverageShsOutDil": 478750000
  },
  {
    "date": "2000-02-13",
    "symbol": "COST",
    "reportedCurrency": "USD",
    "cik": "0000909832",
    "filingDate": "2000-03-14",
    "acceptedDate": "2000-03-14 00:00:00",
    "fiscalYear": "2000",
    "period": "Q2",
    "revenue": 7737000000,
    "costOfRevenue": 6737600000,
    "grossProfit": 999400000,
    "researchAndDevelopmentExpenses": 0,
    "generalAndAdministrativeExpenses": 0,
    "sellingAndMarketingExpenses": 0,
    "sellingGeneralAndAdministrativeExpenses": 646300000,
    "otherExpenses": 54800000,
    "operatingExpenses": 701100000,
    "costAndExpenses": 7438700000,
    "netInterestIncome": 0,
    "interestIncome": 0,
    "interestExpense": 0,
    "depreciationAndAmortization": 54800000,
    "ebitda": 353100000,
    "ebit": 298300000,
    "nonOperatingIncomeExcludingInterest": 0,
    "operatingIncome": 298300000,
    "totalOtherIncomeExpensesNet": 4400000,
    "incomeBeforeTax": 302700000,
    "incomeTaxExpense": 121100000,
    "netIncomeFromContinuingOperations": 181600000,
    "netIncomeFromDiscontinuedOperations": 0,
    "otherAdjustmentsToNetIncome": 0,
    "netIncome": 181600000,
    "netIncomeDeductions": 0,
    "bottomLineNetIncome": 181600000,
    "eps": 0.41,
    "epsDiluted": 0.39,
    "weightedAverageShsOut": 442926829,
    "weightedAverageShsOutDil": 465641026
  },
  {
    "date": "1999-11-21",
    "symbol": "COST",
    "reportedCurrency": "USD",
    "cik": "0000909832",
    "filingDate": "1999-12-20",
    "acceptedDate": "1999-12-20 00:00:00",
    "fiscalYear": "2000",
    "period": "Q1",
    "revenue": 6943500000,
    "costOfRevenue": 6060600000,
    "grossProfit": 882900000,
    "researchAndDevelopmentExpenses": 0,
    "generalAndAdministrativeExpenses": 0,
    "sellingAndMarketingExpenses": 0,
    "sellingGeneralAndAdministrativeExpenses": 608100000,
    "otherExpenses": 59600000,
    "operatingExpenses": 667700000,
    "costAndExpenses": 6728300000,
    "netInterestIncome": 0,
    "interestIncome": 0,
    "interestExpense": 0,
    "depreciationAndAmortization": 59600000,
    "ebitda": 274800000,
    "ebit": 215200000,
    "nonOperatingIncomeExcludingInterest": 0,
    "operatingIncome": 215200000,
    "totalOtherIncomeExpensesNet": 300000,
    "incomeBeforeTax": 215500000,
    "incomeTaxExpense": 86200000,
    "netIncomeFromContinuingOperations": 129300000,
    "netIncomeFromDiscontinuedOperations": 0,
    "otherAdjustmentsToNetIncome": 0,
    "netIncome": 129300000,
    "netIncomeDeductions": 0,
    "bottomLineNetIncome": 129300000,
    "eps": 0.29,
    "epsDiluted": 0.28,
    "weightedAverageShsOut": 445862069,
    "weightedAverageShsOutDil": 461785714
  },
  {
    "date": "1999-08-31",
    "symbol": "COST",
    "reportedCurrency": "USD",
    "cik": "0000909832",
    "filingDate": "1999-11-24",
    "acceptedDate": "1999-11-24 00:00:00",
    "fiscalYear": "1999",
    "period": "Q4",
    "revenue": 8811700000,
    "costOfRevenue": 7677900000,
    "grossProfit": 1133800000,
    "researchAndDevelopmentExpenses": 0,
    "generalAndAdministrativeExpenses": 0,
    "sellingAndMarketingExpenses": 0,
    "sellingGeneralAndAdministrativeExpenses": 807700000,
    "otherExpenses": 74100000,
    "operatingExpenses": 881800000,
    "costAndExpenses": 8559700000,
    "netInterestIncome": 0,
    "interestIncome": 0,
    "interestExpense": 0,
    "depreciationAndAmortization": 74100000,
    "ebitda": 326100000,
    "ebit": 252000000,
    "nonOperatingIncomeExcludingInterest": 0,
    "operatingIncome": 252000000,
    "totalOtherIncomeExpensesNet": 3300000,
    "incomeBeforeTax": 255300000,
    "incomeTaxExpense": 102100000,
    "netIncomeFromContinuingOperations": 153200000,
    "netIncomeFromDiscontinuedOperations": 0,
    "otherAdjustmentsToNetIncome": 0,
    "netIncome": 153200000,
    "netIncomeDeductions": 0,
    "bottomLineNetIncome": 153200000,
    "eps": 0.32,
    "epsDiluted": 0.32,
    "weightedAverageShsOut": 474000000,
    "weightedAverageShsOutDil": 474000000
  },
  {
    "date": "1999-05-09",
    "symbol": "COST",
    "reportedCurrency": "USD",
    "cik": "0000909832",
    "filingDate": "1999-06-22",
    "acceptedDate": "1999-06-22 00:00:00",
    "fiscalYear": "1999",
    "period": "Q3",
    "revenue": 6053800000,
    "costOfRevenue": 5289500000,
    "grossProfit": 764300000,
    "researchAndDevelopmentExpenses": 0,
    "generalAndAdministrativeExpenses": 0,
    "sellingAndMarketingExpenses": 0,
    "sellingGeneralAndAdministrativeExpenses": 535800000,
    "otherExpenses": 52200000,
    "operatingExpenses": 588000000,
    "costAndExpenses": 5877500000,
    "netInterestIncome": 0,
    "interestIncome": 0,
    "interestExpense": 0,
    "depreciationAndAmortization": 52200000,
    "ebitda": 228500000,
    "ebit": 176300000,
    "nonOperatingIncomeExcludingInterest": 0,
    "operatingIncome": 176300000,
    "totalOtherIncomeExpensesNet": 200000,
    "incomeBeforeTax": 176500000,
    "incomeTaxExpense": 70600000,
    "netIncomeFromContinuingOperations": 105900000,
    "netIncomeFromDiscontinuedOperations": 0,
    "otherAdjustmentsToNetIncome": 0,
    "netIncome": 105900000,
    "netIncomeDeductions": 0,
    "bottomLineNetIncome": 105900000,
    "eps": 0.24,
    "epsDiluted": 0.23,
    "weightedAverageShsOut": 441250000,
    "weightedAverageShsOutDil": 460434783
  },
  {
    "date": "1999-02-14",
    "symbol": "COST",
    "reportedCurrency": "USD",
    "cik": "0000909832",
    "filingDate": "1999-03-11",
    "acceptedDate": "1999-03-11 00:00:00",
    "fiscalYear": "1999",
    "period": "Q2",
    "revenue": 6592400000,
    "costOfRevenue": 5741800000,
    "grossProfit": 850600000,
    "researchAndDevelopmentExpenses": 0,
    "generalAndAdministrativeExpenses": 0,
    "sellingAndMarketingExpenses": 0,
    "sellingGeneralAndAdministrativeExpenses": 550600000,
    "otherExpenses": 46900000,
    "operatingExpenses": 597500000,
    "costAndExpenses": 6339300000,
    "netInterestIncome": 0,
    "interestIncome": 0,
    "interestExpense": 0,
    "depreciationAndAmortization": 46900000,
    "ebitda": 300000000,
    "ebit": 253100000,
    "nonOperatingIncomeExcludingInterest": 0,
    "operatingIncome": 253100000,
    "totalOtherIncomeExpensesNet": 300000,
    "incomeBeforeTax": 253400000,
    "incomeTaxExpense": 101400000,
    "netIncomeFromContinuingOperations": 152000000,
    "netIncomeFromDiscontinuedOperations": 0,
    "otherAdjustmentsToNetIncome": 0,
    "netIncome": 152000000,
    "netIncomeDeductions": 0,
    "bottomLineNetIncome": 152000000,
    "eps": 0.35,
    "epsDiluted": 0.33,
    "weightedAverageShsOut": 434285714,
    "weightedAverageShsOutDil": 460606061
  },
  {
    "date": "1998-11-22",
    "symbol": "COST",
    "reportedCurrency": "USD",
    "cik": "0000909832",
    "filingDate": "1998-12-23",
    "acceptedDate": "1998-12-23 00:00:00",
    "fiscalYear": "1999",
    "period": "Q1",
    "revenue": 5998100000,
    "costOfRevenue": 5236200000,
    "grossProfit": 761900000,
    "researchAndDevelopmentExpenses": 0,
    "generalAndAdministrativeExpenses": 0,
    "sellingAndMarketingExpenses": 0,
    "sellingGeneralAndAdministrativeExpenses": 531700000,
    "otherExpenses": 51600000,
    "operatingExpenses": 583300000,
    "costAndExpenses": 5819500000,
    "netInterestIncome": 0,
    "interestIncome": 0,
    "interestExpense": 0,
    "depreciationAndAmortization": 51600000,
    "ebitda": 230200000,
    "ebit": 178600000,
    "nonOperatingIncomeExcludingInterest": 0,
    "operatingIncome": 178600000,
    "totalOtherIncomeExpensesNet": -4900000,
    "incomeBeforeTax": 173700000,
    "incomeTaxExpense": 69500000,
    "netIncomeFromContinuingOperations": 104200000,
    "netIncomeFromDiscontinuedOperations": 0,
    "otherAdjustmentsToNetIncome": -118000000,
    "netIncome": -13800000,
    "netIncomeDeductions": 0,
    "bottomLineNetIncome": -13800000,
    "eps": -0.03,
    "epsDiluted": -0.03,
    "weightedAverageShsOut": 460000000,
    "weightedAverageShsOutDil": 460000000
  },
  {
    "date": "1998-08-31",
    "symbol": "COST",
    "reportedCurrency": "USD",
    "cik": "0000909832",
    "filingDate": "1998-11-25",
    "acceptedDate": "1998-11-25 00:00:00",
    "fiscalYear": "1998",
    "period": "Q4",
    "revenue": 7707000000,
    "costOfRevenue": 6731300000,
    "grossProfit": 975700000,
    "researchAndDevelopmentExpenses": 0,
    "generalAndAdministrativeExpenses": 0,
    "sellingAndMarketingExpenses": 0,
    "sellingGeneralAndAdministrativeExpenses": 662700000,
    "otherExpenses": 54400000,
    "operatingExpenses": 717100000,
    "costAndExpenses": 7448400000,
    "netInterestIncome": 0,
    "interestIncome": 0,
    "interestExpense": 0,
    "depreciationAndAmortization": 54400000,
    "ebitda": 313000000,
    "ebit": 258600000,
    "nonOperatingIncomeExcludingInterest": 0,
    "operatingIncome": 258600000,
    "totalOtherIncomeExpensesNet": -7400000,
    "incomeBeforeTax": 251200000,
    "incomeTaxExpense": 100500000,
    "netIncomeFromContinuingOperations": 150700000,
    "netIncomeFromDiscontinuedOperations": 0,
    "otherAdjustmentsToNetIncome": 0,
    "netIncome": 150700000,
    "netIncomeDeductions": 0,
    "bottomLineNetIncome": 150700000,
    "eps": 0.32,
    "epsDiluted": 0.32,
    "weightedAverageShsOut": 467000000,
    "weightedAverageShsOutDil": 467000000
  },
  {
    "date": "1998-05-10",
    "symbol": "COST",
    "reportedCurrency": "USD",
    "cik": "0000909832",
    "filingDate": "1998-06-12",
    "acceptedDate": "1998-06-12 00:00:00",
    "fiscalYear": "1998",
    "period": "Q3",
    "revenue": 5338100000,
    "costOfRevenue": 4667900000,
    "grossProfit": 670200000,
    "researchAndDevelopmentExpenses": 0,
    "generalAndAdministrativeExpenses": 0,
    "sellingAndMarketingExpenses": 0,
    "sellingGeneralAndAdministrativeExpenses": 477400000,
    "otherExpenses": 47900000,
    "operatingExpenses": 525300000,
    "costAndExpenses": 5193200000,
    "netInterestIncome": 0,
    "interestIncome": 0,
    "interestExpense": 0,
    "depreciationAndAmortization": 47900000,
    "ebitda": 192800000,
    "ebit": 144900000,
    "nonOperatingIncomeExcludingInterest": 0,
    "operatingIncome": 144900000,
    "totalOtherIncomeExpensesNet": -2900000,
    "incomeBeforeTax": 142000000,
    "incomeTaxExpense": 56800000,
    "netIncomeFromContinuingOperations": 85200000,
    "netIncomeFromDiscontinuedOperations": 0,
    "otherAdjustmentsToNetIncome": 0,
    "netIncome": 85200000,
    "netIncomeDeductions": 0,
    "bottomLineNetIncome": 85200000,
    "eps": 0.2,
    "epsDiluted": 0.19,
    "weightedAverageShsOut": 426000000,
    "weightedAverageShsOutDil": 448421053
  },
  {
    "date": "1998-02-15",
    "symbol": "COST",
    "reportedCurrency": "USD",
    "cik": "0000909832",
    "filingDate": "1998-03-20",
    "acceptedDate": "1998-03-20 00:00:00",
    "fiscalYear": "1998",
    "period": "Q2",
    "revenue": 5795000000,
    "costOfRevenue": 5051200000,
    "grossProfit": 743800000,
    "researchAndDevelopmentExpenses": 0,
    "generalAndAdministrativeExpenses": 0,
    "sellingAndMarketingExpenses": 0,
    "sellingGeneralAndAdministrativeExpenses": 482800000,
    "otherExpenses": 47800000,
    "operatingExpenses": 530600000,
    "costAndExpenses": 5581800000,
    "netInterestIncome": 0,
    "interestIncome": 0,
    "interestExpense": 0,
    "depreciationAndAmortization": 47800000,
    "ebitda": 261000000,
    "ebit": 213200000,
    "nonOperatingIncomeExcludingInterest": 0,
    "operatingIncome": 213200000,
    "totalOtherIncomeExpensesNet": -3200000,
    "incomeBeforeTax": 210000000,
    "incomeTaxExpense": 84000000,
    "netIncomeFromContinuingOperations": 126000000,
    "netIncomeFromDiscontinuedOperations": 0,
    "otherAdjustmentsToNetIncome": 0,
    "netIncome": 126000000,
    "netIncomeDeductions": 0,
    "bottomLineNetIncome": 126000000,
    "eps": 0.3,
    "epsDiluted": 0.28,
    "weightedAverageShsOut": 420000000,
    "weightedAverageShsOutDil": 450000000
  },
  {
    "date": "1997-11-23",
    "symbol": "COST",
    "reportedCurrency": "USD",
    "cik": "0000909832",
    "filingDate": "1997-12-22",
    "acceptedDate": "1997-12-22 00:00:00",
    "fiscalYear": "1998",
    "period": "Q1",
    "revenue": 5429800000,
    "costOfRevenue": 4733100000,
    "grossProfit": 696700000,
    "researchAndDevelopmentExpenses": 0,
    "generalAndAdministrativeExpenses": 0,
    "sellingAndMarketingExpenses": 0,
    "sellingGeneralAndAdministrativeExpenses": 478100000,
    "otherExpenses": 46200000,
    "operatingExpenses": 524300000,
    "costAndExpenses": 5257400000,
    "netInterestIncome": 0,
    "interestIncome": 0,
    "interestExpense": 0,
    "depreciationAndAmortization": 46200000,
    "ebitda": 218600000,
    "ebit": 172400000,
    "nonOperatingIncomeExcludingInterest": 0,
    "operatingIncome": 172400000,
    "totalOtherIncomeExpensesNet": -9200000,
    "incomeBeforeTax": 163200000,
    "incomeTaxExpense": 65300000,
    "netIncomeFromContinuingOperations": 97900000,
    "netIncomeFromDiscontinuedOperations": 0,
    "otherAdjustmentsToNetIncome": 0,
    "netIncome": 97900000,
    "netIncomeDeductions": 0,
    "bottomLineNetIncome": 97900000,
    "eps": 0.23,
    "epsDiluted": 0.22,
    "weightedAverageShsOut": 425652174,
    "weightedAverageShsOutDil": 445000000
  },
  {
    "date": "1997-08-31",
    "symbol": "COST",
    "reportedCurrency": "USD",
    "cik": "0000909832",
    "filingDate": "1997-11-10",
    "acceptedDate": "1997-11-10 00:00:00",
    "fiscalYear": "1997",
    "period": "Q4",
    "revenue": 6915900000,
    "costOfRevenue": 6043900000,
    "grossProfit": 872000000,
    "researchAndDevelopmentExpenses": 0,
    "generalAndAdministrativeExpenses": 0,
    "sellingAndMarketingExpenses": 0,
    "sellingGeneralAndAdministrativeExpenses": 671300000,
    "otherExpenses": 59900000,
    "operatingExpenses": 731200000,
    "costAndExpenses": 6775100000,
    "netInterestIncome": 0,
    "interestIncome": 0,
    "interestExpense": 0,
    "depreciationAndAmortization": 59900000,
    "ebitda": 200700000,
    "ebit": 140800000,
    "nonOperatingIncomeExcludingInterest": 0,
    "operatingIncome": 140800000,
    "totalOtherIncomeExpensesNet": 52800000,
    "incomeBeforeTax": 193600000,
    "incomeTaxExpense": 76900000,
    "netIncomeFromContinuingOperations": 116700000,
    "netIncomeFromDiscontinuedOperations": 0,
    "otherAdjustmentsToNetIncome": 0,
    "netIncome": 116700000,
    "netIncomeDeductions": 0,
    "bottomLineNetIncome": 116700000,
    "eps": 0.25,
    "epsDiluted": 0.25,
    "weightedAverageShsOut": 459000000,
    "weightedAverageShsOutDil": 459000000
  },
  {
    "date": "1997-05-11",
    "symbol": "COST",
    "reportedCurrency": "USD",
    "cik": "0000909832",
    "filingDate": "1997-06-05",
    "acceptedDate": "1997-06-05 00:00:00",
    "fiscalYear": "1997",
    "period": "Q3",
    "revenue": 4836200000,
    "costOfRevenue": 4240700000,
    "grossProfit": 595500000,
    "researchAndDevelopmentExpenses": 0,
    "generalAndAdministrativeExpenses": 0,
    "sellingAndMarketingExpenses": 0,
    "sellingGeneralAndAdministrativeExpenses": 429400000,
    "otherExpenses": 42500000,
    "operatingExpenses": 471900000,
    "costAndExpenses": 4712600000,
    "netInterestIncome": 0,
    "interestIncome": 0,
    "interestExpense": 0,
    "depreciationAndAmortization": 42500000,
    "ebitda": 166100000,
    "ebit": 123600000,
    "nonOperatingIncomeExcludingInterest": 0,
    "operatingIncome": 123600000,
    "totalOtherIncomeExpensesNet": -14000000,
    "incomeBeforeTax": 109600000,
    "incomeTaxExpense": 43300000,
    "netIncomeFromContinuingOperations": 66300000,
    "netIncomeFromDiscontinuedOperations": 0,
    "otherAdjustmentsToNetIncome": 0,
    "netIncome": 66300000,
    "netIncomeDeductions": 0,
    "bottomLineNetIncome": 66300000,
    "eps": 0.16,
    "epsDiluted": 0.16,
    "weightedAverageShsOut": 414375000,
    "weightedAverageShsOutDil": 414375000
  },
  {
    "date": "1997-02-16",
    "symbol": "COST",
    "reportedCurrency": "USD",
    "cik": "0000909832",
    "filingDate": "1997-04-02",
    "acceptedDate": "1997-04-02 00:00:00",
    "fiscalYear": "1997",
    "period": "Q2",
    "revenue": 5238900000,
    "costOfRevenue": 4576700000,
    "grossProfit": 662200000,
    "researchAndDevelopmentExpenses": 0,
    "generalAndAdministrativeExpenses": 0,
    "sellingAndMarketingExpenses": 0,
    "sellingGeneralAndAdministrativeExpenses": 442100000,
    "otherExpenses": 42500000,
    "operatingExpenses": 484600000,
    "costAndExpenses": 5061300000,
    "netInterestIncome": 0,
    "interestIncome": 0,
    "interestExpense": 0,
    "depreciationAndAmortization": 42500000,
    "ebitda": 220100000,
    "ebit": 177600000,
    "nonOperatingIncomeExcludingInterest": 0,
    "operatingIncome": 177600000,
    "totalOtherIncomeExpensesNet": -13900000,
    "incomeBeforeTax": 163700000,
    "incomeTaxExpense": 66300000,
    "netIncomeFromContinuingOperations": 97400000,
    "netIncomeFromDiscontinuedOperations": 0,
    "otherAdjustmentsToNetIncome": 0,
    "netIncome": 97400000,
    "netIncomeDeductions": 0,
    "bottomLineNetIncome": 97400000,
    "eps": 0.24,
    "epsDiluted": 0.23,
    "weightedAverageShsOut": 405833333,
    "weightedAverageShsOutDil": 423478261
  },
  {
    "date": "1996-11-24",
    "symbol": "COST",
    "reportedCurrency": "USD",
    "cik": "0000909832",
    "filingDate": "1996-12-20",
    "acceptedDate": "1996-12-20 00:00:00",
    "fiscalYear": "1997",
    "period": "Q1",
    "revenue": 4883400000,
    "costOfRevenue": 4271000000,
    "grossProfit": 612400000,
    "researchAndDevelopmentExpenses": 0,
    "generalAndAdministrativeExpenses": 0,
    "sellingAndMarketingExpenses": 0,
    "sellingGeneralAndAdministrativeExpenses": 436300000,
    "otherExpenses": 37400000,
    "operatingExpenses": 473700000,
    "costAndExpenses": 4744700000,
    "netInterestIncome": 0,
    "interestIncome": 0,
    "interestExpense": 0,
    "depreciationAndAmortization": 37400000,
    "ebitda": 176100000,
    "ebit": 138700000,
    "nonOperatingIncomeExcludingInterest": 0,
    "operatingIncome": 138700000,
    "totalOtherIncomeExpensesNet": -85200000,
    "incomeBeforeTax": 53500000,
    "incomeTaxExpense": 21700000,
    "netIncomeFromContinuingOperations": 31800000,
    "netIncomeFromDiscontinuedOperations": 0,
    "otherAdjustmentsToNetIncome": 0,
    "netIncome": 31800000,
    "netIncomeDeductions": 0,
    "bottomLineNetIncome": 31800000,
    "eps": 0.08,
    "epsDiluted": 0.08,
    "weightedAverageShsOut": 397500000,
    "weightedAverageShsOutDil": 397500000
  },
  {
    "date": "1996-08-31",
    "symbol": "COST",
    "reportedCurrency": "USD",
    "cik": "0000909832",
    "filingDate": "1996-11-08",
    "acceptedDate": "1996-11-08 00:00:00",
    "fiscalYear": "1996",
    "period": "Q4",
    "revenue": 6182800000,
    "costOfRevenue": 5422400000,
    "grossProfit": 760400000,
    "researchAndDevelopmentExpenses": 0,
    "generalAndAdministrativeExpenses": 0,
    "sellingAndMarketingExpenses": 0,
    "sellingGeneralAndAdministrativeExpenses": 542900000,
    "otherExpenses": 51900000,
    "operatingExpenses": 594800000,
    "costAndExpenses": 6017200000,
    "netInterestIncome": 0,
    "interestIncome": 0,
    "interestExpense": 0,
    "depreciationAndAmortization": 51900000,
    "ebitda": 217500000,
    "ebit": 165600000,
    "nonOperatingIncomeExcludingInterest": 0,
    "operatingIncome": 165600000,
    "totalOtherIncomeExpensesNet": -18300000,
    "incomeBeforeTax": 147300000,
    "incomeTaxExpense": 60800000,
    "netIncomeFromContinuingOperations": 86500000,
    "netIncomeFromDiscontinuedOperations": 0,
    "otherAdjustmentsToNetIncome": 0,
    "netIncome": 86500000,
    "netIncomeDeductions": 0,
    "bottomLineNetIncome": 86500000,
    "eps": 0.2,
    "epsDiluted": 0.2,
    "weightedAverageShsOut": 438000000,
    "weightedAverageShsOutDil": 438000000
  },
  {
    "date": "1996-05-12",
    "symbol": "COST",
    "reportedCurrency": "USD",
    "cik": "0000909832",
    "filingDate": "1996-06-05",
    "acceptedDate": "1996-06-05 00:00:00",
    "fiscalYear": "1996",
    "period": "Q3",
    "revenue": 4311500000,
    "costOfRevenue": 3792200000,
    "grossProfit": 519300000,
    "researchAndDevelopmentExpenses": 0,
    "generalAndAdministrativeExpenses": 0,
    "sellingAndMarketingExpenses": 0,
    "sellingGeneralAndAdministrativeExpenses": 394100000,
    "otherExpenses": 37700000,
    "operatingExpenses": 431800000,
    "costAndExpenses": 4224000000,
    "netInterestIncome": 0,
    "interestIncome": 0,
    "interestExpense": 0,
    "depreciationAndAmortization": 37700000,
    "ebitda": 125200000,
    "ebit": 87500000,
    "nonOperatingIncomeExcludingInterest": 0,
    "operatingIncome": 87500000,
    "totalOtherIncomeExpensesNet": -17200000,
    "incomeBeforeTax": 70300000,
    "incomeTaxExpense": 29000000,
    "netIncomeFromContinuingOperations": 41300000,
    "netIncomeFromDiscontinuedOperations": 0,
    "otherAdjustmentsToNetIncome": 0,
    "netIncome": 41300000,
    "netIncomeDeductions": 0,
    "bottomLineNetIncome": 41300000,
    "eps": 0.11,
    "epsDiluted": 0.11,
    "weightedAverageShsOut": 375454545,
    "weightedAverageShsOutDil": 375454545
  },
  {
    "date": "1996-02-18",
    "symbol": "COST",
    "reportedCurrency": "USD",
    "cik": "0000909832",
    "filingDate": "1996-04-02",
    "acceptedDate": "1996-04-02 00:00:00",
    "fiscalYear": "1996",
    "period": "Q2",
    "revenue": 4688700000,
    "costOfRevenue": 4116600000,
    "grossProfit": 572100000,
    "researchAndDevelopmentExpenses": 0,
    "generalAndAdministrativeExpenses": 0,
    "sellingAndMarketingExpenses": 0,
    "sellingGeneralAndAdministrativeExpenses": 397900000,
    "otherExpenses": 37400000,
    "operatingExpenses": 435300000,
    "costAndExpenses": 4551900000,
    "netInterestIncome": 0,
    "interestIncome": 0,
    "interestExpense": 0,
    "depreciationAndAmortization": 37400000,
    "ebitda": 174200000,
    "ebit": 136800000,
    "nonOperatingIncomeExcludingInterest": 0,
    "operatingIncome": 136800000,
    "totalOtherIncomeExpensesNet": -15200000,
    "incomeBeforeTax": 121600000,
    "incomeTaxExpense": 50200000,
    "netIncomeFromContinuingOperations": 71400000,
    "netIncomeFromDiscontinuedOperations": 0,
    "otherAdjustmentsToNetIncome": 0,
    "netIncome": 71400000,
    "netIncomeDeductions": 0,
    "bottomLineNetIncome": 71400000,
    "eps": 0.18,
    "epsDiluted": 0.18,
    "weightedAverageShsOut": 396666667,
    "weightedAverageShsOutDil": 396666667
  },
  {
    "date": "1995-11-26",
    "symbol": "COST",
    "reportedCurrency": "USD",
    "cik": "0000909832",
    "filingDate": "1996-01-09",
    "acceptedDate": "1996-01-09 00:00:00",
    "fiscalYear": "1996",
    "period": "Q1",
    "revenue": 4383600000,
    "costOfRevenue": 3852500000,
    "grossProfit": 531100000,
    "researchAndDevelopmentExpenses": 0,
    "generalAndAdministrativeExpenses": 0,
    "sellingAndMarketingExpenses": 0,
    "sellingGeneralAndAdministrativeExpenses": 395500000,
    "otherExpenses": 34600000,
    "operatingExpenses": 430100000,
    "costAndExpenses": 4282600000,
    "netInterestIncome": 0,
    "interestIncome": 0,
    "interestExpense": 0,
    "depreciationAndAmortization": 34600000,
    "ebitda": 135600000,
    "ebit": 101000000,
    "nonOperatingIncomeExcludingInterest": 0,
    "operatingIncome": 101000000,
    "totalOtherIncomeExpensesNet": -16600000,
    "incomeBeforeTax": 84400000,
    "incomeTaxExpense": 34800000,
    "netIncomeFromContinuingOperations": 49600000,
    "netIncomeFromDiscontinuedOperations": 0,
    "otherAdjustmentsToNetIncome": 0,
    "netIncome": 49600000,
    "netIncomeDeductions": 0,
    "bottomLineNetIncome": 49600000,
    "eps": 0.13,
    "epsDiluted": 0.13,
    "weightedAverageShsOut": 381538462,
    "weightedAverageShsOutDil": 381538462
  },
  {
    "date": "1995-08-31",
    "symbol": "COST",
    "reportedCurrency": "USD",
    "cik": "0000909832",
    "filingDate": "1996-03-15",
    "acceptedDate": "1996-03-15 00:00:00",
    "fiscalYear": "1995",
    "period": "Q4",
    "revenue": 5672400000,
    "costOfRevenue": 5303200000,
    "grossProfit": 369200000,
    "researchAndDevelopmentExpenses": 0,
    "generalAndAdministrativeExpenses": 0,
    "sellingAndMarketingExpenses": 0,
    "sellingGeneralAndAdministrativeExpenses": 501700000,
    "otherExpenses": 47000000,
    "operatingExpenses": 548700000,
    "costAndExpenses": 5851900000,
    "netInterestIncome": 0,
    "interestIncome": 0,
    "interestExpense": 0,
    "depreciationAndAmortization": 47000000,
    "ebitda": -132500000,
    "ebit": -179500000,
    "nonOperatingIncomeExcludingInterest": 0,
    "operatingIncome": -179500000,
    "totalOtherIncomeExpensesNet": 299300000,
    "incomeBeforeTax": 119800000,
    "incomeTaxExpense": 48500000,
    "netIncomeFromContinuingOperations": 71300000,
    "netIncomeFromDiscontinuedOperations": 0,
    "otherAdjustmentsToNetIncome": 0,
    "netIncome": 71300000,
    "netIncomeDeductions": 0,
    "bottomLineNetIncome": 71300000,
    "eps": 0.16,
    "epsDiluted": 0.16,
    "weightedAverageShsOut": 448000000,
    "weightedAverageShsOutDil": 448000000
  },
  {
    "date": "1995-05-07",
    "symbol": "COST",
    "reportedCurrency": "USD",
    "cik": "0000909832",
    "filingDate": "1995-06-21",
    "acceptedDate": "1995-06-21 00:00:00",
    "fiscalYear": "1995",
    "period": "Q3",
    "revenue": 3896200000,
    "costOfRevenue": 3444600000,
    "grossProfit": 451600000,
    "researchAndDevelopmentExpenses": 0,
    "generalAndAdministrativeExpenses": 0,
    "sellingAndMarketingExpenses": 0,
    "sellingGeneralAndAdministrativeExpenses": 345200000,
    "otherExpenses": 31700000,
    "operatingExpenses": 376900000,
    "costAndExpenses": 3821500000,
    "netInterestIncome": 0,
    "interestIncome": 0,
    "interestExpense": 0,
    "depreciationAndAmortization": 33400000,
    "ebitda": 108100000,
    "ebit": 74700000,
    "nonOperatingIncomeExcludingInterest": 0,
    "operatingIncome": 74700000,
    "totalOtherIncomeExpensesNet": -19100000,
    "incomeBeforeTax": 55600000,
    "incomeTaxExpense": 23000000,
    "netIncomeFromContinuingOperations": 32600000,
    "netIncomeFromDiscontinuedOperations": 0,
    "otherAdjustmentsToNetIncome": 0,
    "netIncome": 32600000,
    "netIncomeDeductions": 0,
    "bottomLineNetIncome": 32600000,
    "eps": 0.09,
    "epsDiluted": 0.09,
    "weightedAverageShsOut": 362222222,
    "weightedAverageShsOutDil": 362222222
  },
  {
    "date": "1995-02-12",
    "symbol": "COST",
    "reportedCurrency": "USD",
    "cik": "0000909832",
    "filingDate": "1995-03-29",
    "acceptedDate": "1995-03-29 00:00:00",
    "fiscalYear": "1995",
    "period": "Q2",
    "revenue": 4307300000,
    "costOfRevenue": 3791000000,
    "grossProfit": 516300000,
    "researchAndDevelopmentExpenses": 0,
    "generalAndAdministrativeExpenses": 0,
    "sellingAndMarketingExpenses": 0,
    "sellingGeneralAndAdministrativeExpenses": 358400000,
    "otherExpenses": 30800000,
    "operatingExpenses": 389200000,
    "costAndExpenses": 4180200000,
    "netInterestIncome": 0,
    "interestIncome": 0,
    "interestExpense": 0,
    "depreciationAndAmortization": 30800000,
    "ebitda": 157900000,
    "ebit": 127100000,
    "nonOperatingIncomeExcludingInterest": 0,
    "operatingIncome": 127100000,
    "totalOtherIncomeExpensesNet": -16600000,
    "incomeBeforeTax": 110500000,
    "incomeTaxExpense": 45700000,
    "netIncomeFromContinuingOperations": 64800000,
    "netIncomeFromDiscontinuedOperations": 0,
    "otherAdjustmentsToNetIncome": -83400000,
    "netIncome": -18600000,
    "netIncomeDeductions": 0,
    "bottomLineNetIncome": -18600000,
    "eps": -0.0422,
    "epsDiluted": -0.0422,
    "weightedAverageShsOut": 440909091,
    "weightedAverageShsOutDil": 440909091
  },
  {
    "date": "1994-11-20",
    "symbol": "COST",
    "reportedCurrency": "USD",
    "cik": "0000909832",
    "filingDate": "1994-12-23",
    "acceptedDate": "1994-12-23 00:00:00",
    "fiscalYear": "1995",
    "period": "Q1",
    "revenue": 4029900000,
    "costOfRevenue": 3546600000,
    "grossProfit": 483300000,
    "researchAndDevelopmentExpenses": 0,
    "generalAndAdministrativeExpenses": 0,
    "sellingAndMarketingExpenses": 0,
    "sellingGeneralAndAdministrativeExpenses": 350200000,
    "otherExpenses": 30800000,
    "operatingExpenses": 381000000,
    "costAndExpenses": 3927600000,
    "netInterestIncome": 0,
    "interestIncome": 0,
    "interestExpense": 0,
    "depreciationAndAmortization": 30800000,
    "ebitda": 133100000,
    "ebit": 102300000,
    "nonOperatingIncomeExcludingInterest": 0,
    "operatingIncome": 102300000,
    "totalOtherIncomeExpensesNet": -20100000,
    "incomeBeforeTax": 82200000,
    "incomeTaxExpense": 33700000,
    "netIncomeFromContinuingOperations": 48500000,
    "netIncomeFromDiscontinuedOperations": 0,
    "otherAdjustmentsToNetIncome": 0,
    "netIncome": 48500000,
    "netIncomeDeductions": 0,
    "bottomLineNetIncome": 48500000,
    "eps": 0.11,
    "epsDiluted": 0.11,
    "weightedAverageShsOut": 440909091,
    "weightedAverageShsOutDil": 440909091
  },
  {
    "date": "1994-08-31",
    "symbol": "COST",
    "reportedCurrency": "USD",
    "cik": "0000909832",
    "filingDate": "1994-11-17",
    "acceptedDate": "1994-11-17 00:00:00",
    "fiscalYear": "1994",
    "period": "Q4",
    "revenue": 5072000000,
    "costOfRevenue": 4484500000,
    "grossProfit": 587500000,
    "researchAndDevelopmentExpenses": 0,
    "generalAndAdministrativeExpenses": 0,
    "sellingAndMarketingExpenses": 0,
    "sellingGeneralAndAdministrativeExpenses": 404300000,
    "otherExpenses": 56100000,
    "operatingExpenses": 460400000,
    "costAndExpenses": 4944900000,
    "netInterestIncome": 0,
    "interestIncome": 0,
    "interestExpense": 0,
    "depreciationAndAmortization": 56100000,
    "ebitda": 183200000,
    "ebit": 127100000,
    "nonOperatingIncomeExcludingInterest": 0,
    "operatingIncome": 127100000,
    "totalOtherIncomeExpensesNet": -43000000,
    "incomeBeforeTax": 84100000,
    "incomeTaxExpense": 34500000,
    "netIncomeFromContinuingOperations": 49600000,
    "netIncomeFromDiscontinuedOperations": 0,
    "otherAdjustmentsToNetIncome": -223300000,
    "netIncome": -173700000,
    "netIncomeDeductions": 0,
    "bottomLineNetIncome": -173700000,
    "eps": -0.43,
    "epsDiluted": -0.43,
    "weightedAverageShsOut": 404000000,
    "weightedAverageShsOutDil": 404000000
  },
  {
    "date": "1994-05-08",
    "symbol": "COST",
    "reportedCurrency": "USD",
    "cik": "0000909832",
    "filingDate": "1994-06-22",
    "acceptedDate": "1994-06-22 00:00:00",
    "fiscalYear": "1994",
    "period": "Q3",
    "revenue": 3619600000,
    "costOfRevenue": 3191300000,
    "grossProfit": 428300000,
    "researchAndDevelopmentExpenses": 0,
    "generalAndAdministrativeExpenses": 0,
    "sellingAndMarketingExpenses": 0,
    "sellingGeneralAndAdministrativeExpenses": 335800000,
    "otherExpenses": 29200000,
    "operatingExpenses": 365000000,
    "costAndExpenses": 3556300000,
    "netInterestIncome": 0,
    "interestIncome": 0,
    "interestExpense": 0,
    "depreciationAndAmortization": 31400000,
    "ebitda": 94700000,
    "ebit": 63300000,
    "nonOperatingIncomeExcludingInterest": 0,
    "operatingIncome": 63300000,
    "totalOtherIncomeExpensesNet": -9000000,
    "incomeBeforeTax": 54300000,
    "incomeTaxExpense": 22300000,
    "netIncomeFromContinuingOperations": 32000000,
    "netIncomeFromDiscontinuedOperations": 0,
    "otherAdjustmentsToNetIncome": 0,
    "netIncome": 32000000,
    "netIncomeDeductions": 0,
    "bottomLineNetIncome": 32000000,
    "eps": 0.08,
    "epsDiluted": 0.08,
    "weightedAverageShsOut": 400000000,
    "weightedAverageShsOutDil": 400000000
  },
  {
    "date": "1994-02-13",
    "symbol": "COST",
    "reportedCurrency": "USD",
    "cik": "0000909832",
    "filingDate": "1994-03-30",
    "acceptedDate": "1994-03-30 00:00:00",
    "fiscalYear": "1994",
    "period": "Q2",
    "revenue": 4101400000,
    "costOfRevenue": 3606600000,
    "grossProfit": 494800000,
    "researchAndDevelopmentExpenses": 0,
    "generalAndAdministrativeExpenses": 0,
    "sellingAndMarketingExpenses": 0,
    "sellingGeneralAndAdministrativeExpenses": 352600000,
    "otherExpenses": 28100000,
    "operatingExpenses": 380700000,
    "costAndExpenses": 3987300000,
    "netInterestIncome": 0,
    "interestIncome": 0,
    "interestExpense": 0,
    "depreciationAndAmortization": 28400000,
    "ebitda": 142500000,
    "ebit": 114100000,
    "nonOperatingIncomeExcludingInterest": 0,
    "operatingIncome": 114100000,
    "totalOtherIncomeExpensesNet": -8500000,
    "incomeBeforeTax": 105600000,
    "incomeTaxExpense": 43300000,
    "netIncomeFromContinuingOperations": 62300000,
    "netIncomeFromDiscontinuedOperations": 0,
    "otherAdjustmentsToNetIncome": 0,
    "netIncome": 62300000,
    "netIncomeDeductions": 0,
    "bottomLineNetIncome": 62300000,
    "eps": 0.14,
    "epsDiluted": 0.14,
    "weightedAverageShsOut": 445000000,
    "weightedAverageShsOutDil": 445000000
  },
  {
    "date": "1993-11-21",
    "symbol": "COST",
    "reportedCurrency": "USD",
    "cik": "0000909832",
    "filingDate": "1994-01-05",
    "acceptedDate": "1994-01-05 00:00:00",
    "fiscalYear": "1994",
    "period": "Q1",
    "revenue": 3687600000,
    "costOfRevenue": 3239300000,
    "grossProfit": 448300000,
    "researchAndDevelopmentExpenses": 0,
    "generalAndAdministrativeExpenses": 0,
    "sellingAndMarketingExpenses": 0,
    "sellingGeneralAndAdministrativeExpenses": 321700000,
    "otherExpenses": 27800000,
    "operatingExpenses": 349500000,
    "costAndExpenses": 3588800000,
    "netInterestIncome": 0,
    "interestIncome": 0,
    "interestExpense": 0,
    "depreciationAndAmortization": 27800000,
    "ebitda": 126600000,
    "ebit": 98800000,
    "nonOperatingIncomeExcludingInterest": 0,
    "operatingIncome": 98800000,
    "totalOtherIncomeExpensesNet": -139100000,
    "incomeBeforeTax": -40300000,
    "incomeTaxExpense": -7300000,
    "netIncomeFromContinuingOperations": -33000000,
    "netIncomeFromDiscontinuedOperations": 0,
    "otherAdjustmentsToNetIncome": 0,
    "netIncome": -33000000,
    "netIncomeDeductions": 0,
    "bottomLineNetIncome": -33000000,
    "eps": -0.08,
    "epsDiluted": -0.08,
    "weightedAverageShsOut": 412500000,
    "weightedAverageShsOutDil": 412500000
  },
  {
    "date": "1993-08-31",
    "symbol": "COST",
    "reportedCurrency": "USD",
    "cik": "0000909832",
    "filingDate": "1993-08-31",
    "acceptedDate": "1993-08-30 20:00:00",
    "fiscalYear": "1993",
    "period": "Q4",
    "revenue": 9201600000,
    "costOfRevenue": 8258100000,
    "grossProfit": 943500000,
    "researchAndDevelopmentExpenses": 0,
    "generalAndAdministrativeExpenses": 0,
    "sellingAndMarketingExpenses": 0,
    "sellingGeneralAndAdministrativeExpenses": 821200000,
    "otherExpenses": 63200000,
    "operatingExpenses": 884400000,
    "costAndExpenses": 9142500000,
    "netInterestIncome": 0,
    "interestIncome": 0,
    "interestExpense": 0,
    "depreciationAndAmortization": 63200000,
    "ebitda": 122300000,
    "ebit": 59100000,
    "nonOperatingIncomeExcludingInterest": 0,
    "operatingIncome": 59100000,
    "totalOtherIncomeExpensesNet": 176200000,
    "incomeBeforeTax": 235300000,
    "incomeTaxExpense": 93100000,
    "netIncomeFromContinuingOperations": 142200000,
    "netIncomeFromDiscontinuedOperations": 0,
    "otherAdjustmentsToNetIncome": 0,
    "netIncome": 142200000,
    "netIncomeDeductions": 0,
    "bottomLineNetIncome": 142200000,
    "eps": 0.75,
    "epsDiluted": 0.75,
    "weightedAverageShsOut": 190000000,
    "weightedAverageShsOutDil": 190000000
  },
  {
    "date": "1993-05-31",
    "symbol": "COST",
    "reportedCurrency": "USD",
    "cik": "0000909832",
    "filingDate": "1993-05-31",
    "acceptedDate": "1993-05-30 20:00:00",
    "fiscalYear": "1993",
    "period": "Q3",
    "revenue": 1729100000,
    "costOfRevenue": 1554400000,
    "grossProfit": 174700000,
    "researchAndDevelopmentExpenses": 0,
    "generalAndAdministrativeExpenses": 0,
    "sellingAndMarketingExpenses": 0,
    "sellingGeneralAndAdministrativeExpenses": 162600000,
    "otherExpenses": 15600000,
    "operatingExpenses": 178200000,
    "costAndExpenses": 1732600000,
    "netInterestIncome": 0,
    "interestIncome": 0,
    "interestExpense": 0,
    "depreciationAndAmortization": 15700000,
    "ebitda": 12200000,
    "ebit": -3500000,
    "nonOperatingIncomeExcludingInterest": 0,
    "operatingIncome": -3500000,
    "totalOtherIncomeExpensesNet": 32000000,
    "incomeBeforeTax": 28500000,
    "incomeTaxExpense": 11400000,
    "netIncomeFromContinuingOperations": 17100000,
    "netIncomeFromDiscontinuedOperations": 0,
    "otherAdjustmentsToNetIncome": 0,
    "netIncome": 17100000,
    "netIncomeDeductions": 0,
    "bottomLineNetIncome": 17100000,
    "eps": 0.09,
    "epsDiluted": 0.09,
    "weightedAverageShsOut": 190000000,
    "weightedAverageShsOutDil": 190000000
  },
  {
    "date": "1993-02-28",
    "symbol": "COST",
    "reportedCurrency": "USD",
    "cik": "0000909832",
    "filingDate": "1993-02-28",
    "acceptedDate": "1993-02-27 19:00:00",
    "fiscalYear": "1993",
    "period": "Q2",
    "revenue": 1634300000,
    "costOfRevenue": 1471000000,
    "grossProfit": 163300000,
    "researchAndDevelopmentExpenses": 0,
    "generalAndAdministrativeExpenses": 0,
    "sellingAndMarketingExpenses": 0,
    "sellingGeneralAndAdministrativeExpenses": 159700000,
    "otherExpenses": 13400000,
    "operatingExpenses": 173100000,
    "costAndExpenses": 1644100000,
    "netInterestIncome": 0,
    "interestIncome": 0,
    "interestExpense": 0,
    "depreciationAndAmortization": 13400000,
    "ebitda": 3600000,
    "ebit": -9800000,
    "nonOperatingIncomeExcludingInterest": 0,
    "operatingIncome": -9800000,
    "totalOtherIncomeExpensesNet": 38800000,
    "incomeBeforeTax": 29000000,
    "incomeTaxExpense": 11600000,
    "netIncomeFromContinuingOperations": 17400000,
    "netIncomeFromDiscontinuedOperations": 0,
    "otherAdjustmentsToNetIncome": 0,
    "netIncome": 17400000,
    "netIncomeDeductions": 0,
    "bottomLineNetIncome": 17400000,
    "eps": 0.09,
    "epsDiluted": 0.09,
    "weightedAverageShsOut": 193333333,
    "weightedAverageShsOutDil": 193333333
  },
  {
    "date": "1992-11-30",
    "symbol": "COST",
    "reportedCurrency": "USD",
    "cik": "0000909832",
    "filingDate": "1992-11-30",
    "acceptedDate": "1992-11-29 19:00:00",
    "fiscalYear": "1993",
    "period": "Q1",
    "revenue": 2589700000,
    "costOfRevenue": 2336100000,
    "grossProfit": 253600000,
    "researchAndDevelopmentExpenses": 0,
    "generalAndAdministrativeExpenses": 0,
    "sellingAndMarketingExpenses": 0,
    "sellingGeneralAndAdministrativeExpenses": 223800000,
    "otherExpenses": 19800000,
    "operatingExpenses": 243600000,
    "costAndExpenses": 2579700000,
    "netInterestIncome": 0,
    "interestIncome": 0,
    "interestExpense": 0,
    "depreciationAndAmortization": 19800000,
    "ebitda": 29800000,
    "ebit": 10000000,
    "nonOperatingIncomeExcludingInterest": 0,
    "operatingIncome": 10000000,
    "totalOtherIncomeExpensesNet": 67700000,
    "incomeBeforeTax": 77700000,
    "incomeTaxExpense": 31100000,
    "netIncomeFromContinuingOperations": 46600000,
    "netIncomeFromDiscontinuedOperations": 0,
    "otherAdjustmentsToNetIncome": 0,
    "netIncome": 46600000,
    "netIncomeDeductions": 0,
    "bottomLineNetIncome": 46600000,
    "eps": 0.23,
    "epsDiluted": 0.22,
    "weightedAverageShsOut": 202608696,
    "weightedAverageShsOutDil": 211818182
  },
  {
    "date": "1992-08-31",
    "symbol": "COST",
    "reportedCurrency": "USD",
    "cik": "0000909832",
    "filingDate": "1992-08-31",
    "acceptedDate": "1992-08-30 20:00:00",
    "fiscalYear": "1992",
    "period": "Q4",
    "revenue": 1689000000,
    "costOfRevenue": 1507700000,
    "grossProfit": 181300000,
    "researchAndDevelopmentExpenses": 0,
    "generalAndAdministrativeExpenses": 0,
    "sellingAndMarketingExpenses": 0,
    "sellingGeneralAndAdministrativeExpenses": 152000000,
    "otherExpenses": 18600000,
    "operatingExpenses": 170600000,
    "costAndExpenses": 1678300000,
    "netInterestIncome": 0,
    "interestIncome": 0,
    "interestExpense": 0,
    "depreciationAndAmortization": 18600000,
    "ebitda": 29300000,
    "ebit": 10700000,
    "nonOperatingIncomeExcludingInterest": 0,
    "operatingIncome": 10700000,
    "totalOtherIncomeExpensesNet": 39200000,
    "incomeBeforeTax": 49900000,
    "incomeTaxExpense": 20300000,
    "netIncomeFromContinuingOperations": 29600000,
    "netIncomeFromDiscontinuedOperations": 0,
    "otherAdjustmentsToNetIncome": 0,
    "netIncome": 29600000,
    "netIncomeDeductions": 0,
    "bottomLineNetIncome": 29600000,
    "eps": 0.15,
    "epsDiluted": 0.15,
    "weightedAverageShsOut": 203571429,
    "weightedAverageShsOutDil": 203571429
  },
  {
    "date": "1992-05-31",
    "symbol": "COST",
    "reportedCurrency": "USD",
    "cik": "0000909832",
    "filingDate": "1992-05-31",
    "acceptedDate": "1992-05-30 20:00:00",
    "fiscalYear": "1992",
    "period": "Q3",
    "revenue": 1658300000,
    "costOfRevenue": 1498200000,
    "grossProfit": 160100000,
    "researchAndDevelopmentExpenses": 0,
    "generalAndAdministrativeExpenses": 0,
    "sellingAndMarketingExpenses": 0,
    "sellingGeneralAndAdministrativeExpenses": 144800000,
    "otherExpenses": 13100000,
    "operatingExpenses": 157900000,
    "costAndExpenses": 1656100000,
    "netInterestIncome": 0,
    "interestIncome": 0,
    "interestExpense": 0,
    "depreciationAndAmortization": 13100000,
    "ebitda": 15300000,
    "ebit": 2200000,
    "nonOperatingIncomeExcludingInterest": 0,
    "operatingIncome": 2200000,
    "totalOtherIncomeExpensesNet": 45100000,
    "incomeBeforeTax": 47300000,
    "incomeTaxExpense": 18800000,
    "netIncomeFromContinuingOperations": 28500000,
    "netIncomeFromDiscontinuedOperations": 0,
    "otherAdjustmentsToNetIncome": 0,
    "netIncome": 28500000,
    "netIncomeDeductions": 0,
    "bottomLineNetIncome": 28500000,
    "eps": 0.14,
    "epsDiluted": 0.14,
    "weightedAverageShsOut": 203571429,
    "weightedAverageShsOutDil": 203571429
  },
  {
    "date": "1992-02-29",
    "symbol": "COST",
    "reportedCurrency": "USD",
    "cik": "0000909832",
    "filingDate": "1992-02-29",
    "acceptedDate": "1992-02-28 19:00:00",
    "fiscalYear": "1992",
    "period": "Q2",
    "revenue": 1519200000,
    "costOfRevenue": 1376000000,
    "grossProfit": 143200000,
    "researchAndDevelopmentExpenses": 0,
    "generalAndAdministrativeExpenses": 0,
    "sellingAndMarketingExpenses": 0,
    "sellingGeneralAndAdministrativeExpenses": 139000000,
    "otherExpenses": 7300000,
    "operatingExpenses": 146300000,
    "costAndExpenses": 1522300000,
    "netInterestIncome": 0,
    "interestIncome": 0,
    "interestExpense": 0,
    "depreciationAndAmortization": 7300000,
    "ebitda": 4200000,
    "ebit": -3100000,
    "nonOperatingIncomeExcludingInterest": 0,
    "operatingIncome": -3100000,
    "totalOtherIncomeExpensesNet": 37300000,
    "incomeBeforeTax": 34200000,
    "incomeTaxExpense": 13600000,
    "netIncomeFromContinuingOperations": 20600000,
    "netIncomeFromDiscontinuedOperations": 0,
    "otherAdjustmentsToNetIncome": 0,
    "netIncome": 20600000,
    "netIncomeDeductions": 0,
    "bottomLineNetIncome": 20600000,
    "eps": 0.1,
    "epsDiluted": 0.1,
    "weightedAverageShsOut": 206000000,
    "weightedAverageShsOutDil": 206000000
  },
  {
    "date": "1991-11-30",
    "symbol": "COST",
    "reportedCurrency": "USD",
    "cik": "0000909832",
    "filingDate": "1991-11-30",
    "acceptedDate": "1991-11-29 19:00:00",
    "fiscalYear": "1992",
    "period": "Q1",
    "revenue": 2453700000,
    "costOfRevenue": 2223100000,
    "grossProfit": 230600000,
    "researchAndDevelopmentExpenses": 0,
    "generalAndAdministrativeExpenses": 0,
    "sellingAndMarketingExpenses": 0,
    "sellingGeneralAndAdministrativeExpenses": 193700000,
    "otherExpenses": 15000000,
    "operatingExpenses": 208700000,
    "costAndExpenses": 2431800000,
    "netInterestIncome": 0,
    "interestIncome": 0,
    "interestExpense": 0,
    "depreciationAndAmortization": 15000000,
    "ebitda": 36900000,
    "ebit": 21900000,
    "nonOperatingIncomeExcludingInterest": 0,
    "operatingIncome": 21900000,
    "totalOtherIncomeExpensesNet": 61700000,
    "incomeBeforeTax": 83600000,
    "incomeTaxExpense": 33300000,
    "netIncomeFromContinuingOperations": 50300000,
    "netIncomeFromDiscontinuedOperations": 0,
    "otherAdjustmentsToNetIncome": 0,
    "netIncome": 50300000,
    "netIncomeDeductions": 0,
    "bottomLineNetIncome": 50300000,
    "eps": 0.23,
    "epsDiluted": 0.23,
    "weightedAverageShsOut": 218695652,
    "weightedAverageShsOutDil": 218695652
  },
  {
    "date": "1991-08-31",
    "symbol": "COST",
    "reportedCurrency": "USD",
    "cik": "0000909832",
    "filingDate": "1991-08-31",
    "acceptedDate": "1991-08-30 20:00:00",
    "fiscalYear": "1991",
    "period": "Q4",
    "revenue": 1569700000,
    "costOfRevenue": 1411300000,
    "grossProfit": 158400000,
    "researchAndDevelopmentExpenses": 0,
    "generalAndAdministrativeExpenses": 0,
    "sellingAndMarketingExpenses": 0,
    "sellingGeneralAndAdministrativeExpenses": 132600000,
    "otherExpenses": 7400000,
    "operatingExpenses": 140000000,
    "costAndExpenses": 1551300000,
    "netInterestIncome": 0,
    "interestIncome": 0,
    "interestExpense": 0,
    "depreciationAndAmortization": 7400000,
    "ebitda": 25800000,
    "ebit": 18400000,
    "nonOperatingIncomeExcludingInterest": 0,
    "operatingIncome": 18400000,
    "totalOtherIncomeExpensesNet": 37400000,
    "incomeBeforeTax": 55800000,
    "incomeTaxExpense": 21700000,
    "netIncomeFromContinuingOperations": 34100000,
    "netIncomeFromDiscontinuedOperations": 0,
    "otherAdjustmentsToNetIncome": 0,
    "netIncome": 34100000,
    "netIncomeDeductions": 0,
    "bottomLineNetIncome": 34100000,
    "eps": 0.16,
    "epsDiluted": 0.16,
    "weightedAverageShsOut": 207828000,
    "weightedAverageShsOutDil": 209166667
  },
  {
    "date": "1991-05-31",
    "symbol": "COST",
    "reportedCurrency": "USD",
    "cik": "0000909832",
    "filingDate": "1991-05-31",
    "acceptedDate": "1991-05-30 20:00:00",
    "fiscalYear": "1991",
    "period": "Q3",
    "revenue": 1504300000,
    "costOfRevenue": 1362700000,
    "grossProfit": 141600000,
    "researchAndDevelopmentExpenses": 0,
    "generalAndAdministrativeExpenses": 0,
    "sellingAndMarketingExpenses": 0,
    "sellingGeneralAndAdministrativeExpenses": 122000000,
    "otherExpenses": 13400000,
    "operatingExpenses": 135400000,
    "costAndExpenses": 1498100000,
    "netInterestIncome": 0,
    "interestIncome": 0,
    "interestExpense": 0,
    "depreciationAndAmortization": 13400000,
    "ebitda": 19600000,
    "ebit": 6200000,
    "nonOperatingIncomeExcludingInterest": 0,
    "operatingIncome": 6200000,
    "totalOtherIncomeExpensesNet": 35000000,
    "incomeBeforeTax": 41200000,
    "incomeTaxExpense": 16100000,
    "netIncomeFromContinuingOperations": 25100000,
    "netIncomeFromDiscontinuedOperations": 0,
    "otherAdjustmentsToNetIncome": 0,
    "netIncome": 25100000,
    "netIncomeDeductions": 0,
    "bottomLineNetIncome": 25100000,
    "eps": 0.12,
    "epsDiluted": 0.12,
    "weightedAverageShsOut": 209166667,
    "weightedAverageShsOutDil": 209166667
  },
  {
    "date": "1991-02-28",
    "symbol": "COST",
    "reportedCurrency": "USD",
    "cik": "0000909832",
    "filingDate": "1991-02-28",
    "acceptedDate": "1991-02-27 19:00:00",
    "fiscalYear": "1991",
    "period": "Q2",
    "revenue": 1362000000,
    "costOfRevenue": 1235300000,
    "grossProfit": 126700000,
    "researchAndDevelopmentExpenses": 0,
    "generalAndAdministrativeExpenses": 0,
    "sellingAndMarketingExpenses": 0,
    "sellingGeneralAndAdministrativeExpenses": 113900000,
    "otherExpenses": 6700000,
    "operatingExpenses": 120600000,
    "costAndExpenses": 1355900000,
    "netInterestIncome": 0,
    "interestIncome": 0,
    "interestExpense": 0,
    "depreciationAndAmortization": 6700000,
    "ebitda": 12800000,
    "ebit": 6100000,
    "nonOperatingIncomeExcludingInterest": 0,
    "operatingIncome": 6100000,
    "totalOtherIncomeExpensesNet": 38800000,
    "incomeBeforeTax": 44900000,
    "incomeTaxExpense": 17000000,
    "netIncomeFromContinuingOperations": 27900000,
    "netIncomeFromDiscontinuedOperations": 0,
    "otherAdjustmentsToNetIncome": 0,
    "netIncome": 27900000,
    "netIncomeDeductions": 0,
    "bottomLineNetIncome": 27900000,
    "eps": 0.13,
    "epsDiluted": 0.13,
    "weightedAverageShsOut": 214615385,
    "weightedAverageShsOutDil": 214615385
  },
  {
    "date": "1990-11-30",
    "symbol": "COST",
    "reportedCurrency": "USD",
    "cik": "0000909832",
    "filingDate": "1990-11-30",
    "acceptedDate": "1990-11-29 19:00:00",
    "fiscalYear": "1991",
    "period": "Q1",
    "revenue": 2162100000,
    "costOfRevenue": 1963500000,
    "grossProfit": 198600000,
    "researchAndDevelopmentExpenses": 0,
    "generalAndAdministrativeExpenses": 0,
    "sellingAndMarketingExpenses": 0,
    "sellingGeneralAndAdministrativeExpenses": 160400000,
    "otherExpenses": 13100000,
    "operatingExpenses": 173500000,
    "costAndExpenses": 2137000000,
    "netInterestIncome": 0,
    "interestIncome": 0,
    "interestExpense": 0,
    "depreciationAndAmortization": 13100000,
    "ebitda": 38200000,
    "ebit": 25100000,
    "nonOperatingIncomeExcludingInterest": 0,
    "operatingIncome": 25100000,
    "totalOtherIncomeExpensesNet": 52700000,
    "incomeBeforeTax": 77800000,
    "incomeTaxExpense": 30800000,
    "netIncomeFromContinuingOperations": 47000000,
    "netIncomeFromDiscontinuedOperations": 0,
    "otherAdjustmentsToNetIncome": 0,
    "netIncome": 47000000,
    "netIncomeDeductions": 0,
    "bottomLineNetIncome": 47000000,
    "eps": 0.22,
    "epsDiluted": 0.22,
    "weightedAverageShsOut": 213636364,
    "weightedAverageShsOutDil": 213636364
  },
  {
    "date": "1990-08-31",
    "symbol": "COST",
    "reportedCurrency": "USD",
    "cik": "0000909832",
    "filingDate": "1990-08-31",
    "acceptedDate": "1990-08-30 20:00:00",
    "fiscalYear": "1990",
    "period": "Q4",
    "revenue": 1200200000,
    "costOfRevenue": 1077200000,
    "grossProfit": 123000000,
    "researchAndDevelopmentExpenses": 0,
    "generalAndAdministrativeExpenses": 0,
    "sellingAndMarketingExpenses": 0,
    "sellingGeneralAndAdministrativeExpenses": 93500000,
    "otherExpenses": 8200000,
    "operatingExpenses": 101700000,
    "costAndExpenses": 1178900000,
    "netInterestIncome": 0,
    "interestIncome": 0,
    "interestExpense": 0,
    "depreciationAndAmortization": 8200000,
    "ebitda": 29500000,
    "ebit": 21300000,
    "nonOperatingIncomeExcludingInterest": 0,
    "operatingIncome": 21300000,
    "totalOtherIncomeExpensesNet": 31000000,
    "incomeBeforeTax": 52300000,
    "incomeTaxExpense": 20400000,
    "netIncomeFromContinuingOperations": 31900000,
    "netIncomeFromDiscontinuedOperations": 0,
    "otherAdjustmentsToNetIncome": 0,
    "netIncome": 31900000,
    "netIncomeDeductions": 0,
    "bottomLineNetIncome": 31900000,
    "eps": 0.15,
    "epsDiluted": 0.15,
    "weightedAverageShsOut": 211818182,
    "weightedAverageShsOutDil": 211818182
  },
  {
    "date": "1990-05-31",
    "symbol": "COST",
    "reportedCurrency": "USD",
    "cik": "0000909832",
    "filingDate": "1990-05-31",
    "acceptedDate": "1990-05-30 20:00:00",
    "fiscalYear": "1990",
    "period": "Q3",
    "revenue": 1176700000,
    "costOfRevenue": 1068800000,
    "grossProfit": 107900000,
    "researchAndDevelopmentExpenses": 0,
    "generalAndAdministrativeExpenses": 0,
    "sellingAndMarketingExpenses": 0,
    "sellingGeneralAndAdministrativeExpenses": 90600000,
    "otherExpenses": 6000000,
    "operatingExpenses": 96600000,
    "costAndExpenses": 1165400000,
    "netInterestIncome": 0,
    "interestIncome": 0,
    "interestExpense": 0,
    "depreciationAndAmortization": 6000000,
    "ebitda": 17300000,
    "ebit": 11300000,
    "nonOperatingIncomeExcludingInterest": 0,
    "operatingIncome": 11300000,
    "totalOtherIncomeExpensesNet": 26900000,
    "incomeBeforeTax": 38200000,
    "incomeTaxExpense": 14900000,
    "netIncomeFromContinuingOperations": 23300000,
    "netIncomeFromDiscontinuedOperations": 0,
    "otherAdjustmentsToNetIncome": 0,
    "netIncome": 23300000,
    "netIncomeDeductions": 0,
    "bottomLineNetIncome": 23300000,
    "eps": 0.11,
    "epsDiluted": 0.11,
    "weightedAverageShsOut": 211818182,
    "weightedAverageShsOutDil": 211818182
  },
  {
    "date": "1990-02-28",
    "symbol": "COST",
    "reportedCurrency": "USD",
    "cik": "0000909832",
    "filingDate": "1990-02-28",
    "acceptedDate": "1990-02-27 19:00:00",
    "fiscalYear": "1990",
    "period": "Q2",
    "revenue": 1093000000,
    "costOfRevenue": 988800000,
    "grossProfit": 104200000,
    "researchAndDevelopmentExpenses": 0,
    "generalAndAdministrativeExpenses": 0,
    "sellingAndMarketingExpenses": 0,
    "sellingGeneralAndAdministrativeExpenses": 84900000,
    "otherExpenses": 5400000,
    "operatingExpenses": 90300000,
    "costAndExpenses": 1079100000,
    "netInterestIncome": 0,
    "interestIncome": 0,
    "interestExpense": 0,
    "depreciationAndAmortization": 5400000,
    "ebitda": 19300000,
    "ebit": 13900000,
    "nonOperatingIncomeExcludingInterest": 0,
    "operatingIncome": 13900000,
    "totalOtherIncomeExpensesNet": 28600000,
    "incomeBeforeTax": 42500000,
    "incomeTaxExpense": 16600000,
    "netIncomeFromContinuingOperations": 25900000,
    "netIncomeFromDiscontinuedOperations": 0,
    "otherAdjustmentsToNetIncome": 0,
    "netIncome": 25900000,
    "netIncomeDeductions": 0,
    "bottomLineNetIncome": 25900000,
    "eps": 0.12,
    "epsDiluted": 0.12,
    "weightedAverageShsOut": 215833333,
    "weightedAverageShsOutDil": 215833333
  },
  {
    "date": "1989-11-30",
    "symbol": "COST",
    "reportedCurrency": "USD",
    "cik": "0000909832",
    "filingDate": "1989-11-30",
    "acceptedDate": "1989-11-29 19:00:00",
    "fiscalYear": "1990",
    "period": "Q1",
    "revenue": 1816500000,
    "costOfRevenue": 1655700000,
    "grossProfit": 160800000,
    "researchAndDevelopmentExpenses": 0,
    "generalAndAdministrativeExpenses": 0,
    "sellingAndMarketingExpenses": 0,
    "sellingGeneralAndAdministrativeExpenses": 126000000,
    "otherExpenses": 7800000,
    "operatingExpenses": 133800000,
    "costAndExpenses": 1789500000,
    "netInterestIncome": 0,
    "interestIncome": 0,
    "interestExpense": 0,
    "depreciationAndAmortization": 7800000,
    "ebitda": 34800000,
    "ebit": 27000000,
    "nonOperatingIncomeExcludingInterest": 0,
    "operatingIncome": 27000000,
    "totalOtherIncomeExpensesNet": 45600000,
    "incomeBeforeTax": 72600000,
    "incomeTaxExpense": 28300000,
    "netIncomeFromContinuingOperations": 44300000,
    "netIncomeFromDiscontinuedOperations": 0,
    "otherAdjustmentsToNetIncome": 0,
    "netIncome": 44300000,
    "netIncomeDeductions": 0,
    "bottomLineNetIncome": 44300000,
    "eps": 0.2,
    "epsDiluted": 0.2,
    "weightedAverageShsOut": 221500000,
    "weightedAverageShsOutDil": 221500000
  },
  {
    "date": "1989-08-31",
    "symbol": "COST",
    "reportedCurrency": "USD",
    "cik": "0000909832",
    "filingDate": "1989-08-31",
    "acceptedDate": "1989-08-30 20:00:00",
    "fiscalYear": "1989",
    "period": "Q4",
    "revenue": 1212200000,
    "costOfRevenue": 0,
    "grossProfit": 1212200000,
    "researchAndDevelopmentExpenses": 0,
    "generalAndAdministrativeExpenses": 0,
    "sellingAndMarketingExpenses": 0,
    "sellingGeneralAndAdministrativeExpenses": 0,
    "otherExpenses": 4830100000,
    "operatingExpenses": 4830100000,
    "costAndExpenses": 4830100000,
    "netInterestIncome": 0,
    "interestIncome": 0,
    "interestExpense": 0,
    "depreciationAndAmortization": 0,
    "ebitda": -3617900000,
    "ebit": -3617900000,
    "nonOperatingIncomeExcludingInterest": 0,
    "operatingIncome": -3617900000,
    "totalOtherIncomeExpensesNet": 3617900000,
    "incomeBeforeTax": 0,
    "incomeTaxExpense": 0,
    "netIncomeFromContinuingOperations": 31000000,
    "netIncomeFromDiscontinuedOperations": 0,
    "otherAdjustmentsToNetIncome": 0,
    "netIncome": 31000000,
    "netIncomeDeductions": 0,
    "bottomLineNetIncome": 31000000,
    "eps": 0.1471621442,
    "epsDiluted": 0.1471621442,
    "weightedAverageShsOut": 210652000,
    "weightedAverageShsOutDil": 210652000
  },
  {
    "date": "1989-05-31",
    "symbol": "COST",
    "reportedCurrency": "USD",
    "cik": "0000909832",
    "filingDate": "1989-05-31",
    "acceptedDate": "1989-05-30 20:00:00",
    "fiscalYear": "1989",
    "period": "Q3",
    "revenue": 1086000000,
    "costOfRevenue": 0,
    "grossProfit": 1086000000,
    "researchAndDevelopmentExpenses": 0,
    "generalAndAdministrativeExpenses": 0,
    "sellingAndMarketingExpenses": 0,
    "sellingGeneralAndAdministrativeExpenses": 0,
    "otherExpenses": 0,
    "operatingExpenses": 0,
    "costAndExpenses": 0,
    "netInterestIncome": 0,
    "interestIncome": 0,
    "interestExpense": 0,
    "depreciationAndAmortization": 0,
    "ebitda": 1086000000,
    "ebit": 1086000000,
    "nonOperatingIncomeExcludingInterest": 0,
    "operatingIncome": 1086000000,
    "totalOtherIncomeExpensesNet": -1086000000,
    "incomeBeforeTax": 0,
    "incomeTaxExpense": 0,
    "netIncomeFromContinuingOperations": 21000000,
    "netIncomeFromDiscontinuedOperations": 0,
    "otherAdjustmentsToNetIncome": 0,
    "netIncome": 21000000,
    "netIncomeDeductions": 0,
    "bottomLineNetIncome": 21000000,
    "eps": 0.1,
    "epsDiluted": 0.1,
    "weightedAverageShsOut": 210652000,
    "weightedAverageShsOutDil": 210652000
  },
  {
    "date": "1989-02-28",
    "symbol": "COST",
    "reportedCurrency": "USD",
    "cik": "0000909832",
    "filingDate": "1989-02-28",
    "acceptedDate": "1989-02-27 19:00:00",
    "fiscalYear": "1989",
    "period": "Q2",
    "revenue": 1035200000,
    "costOfRevenue": 0,
    "grossProfit": 1035200000,
    "researchAndDevelopmentExpenses": 0,
    "generalAndAdministrativeExpenses": 0,
    "sellingAndMarketingExpenses": 0,
    "sellingGeneralAndAdministrativeExpenses": 0,
    "otherExpenses": 0,
    "operatingExpenses": 0,
    "costAndExpenses": 0,
    "netInterestIncome": 0,
    "interestIncome": 0,
    "interestExpense": 0,
    "depreciationAndAmortization": 0,
    "ebitda": 1035200000,
    "ebit": 1035200000,
    "nonOperatingIncomeExcludingInterest": 0,
    "operatingIncome": 1035200000,
    "totalOtherIncomeExpensesNet": -1035200000,
    "incomeBeforeTax": 0,
    "incomeTaxExpense": 0,
    "netIncomeFromContinuingOperations": 25600000,
    "netIncomeFromDiscontinuedOperations": 0,
    "otherAdjustmentsToNetIncome": 0,
    "netIncome": 25600000,
    "netIncomeDeductions": 0,
    "bottomLineNetIncome": 25600000,
    "eps": 0.12,
    "epsDiluted": 0.12,
    "weightedAverageShsOut": 210652000,
    "weightedAverageShsOutDil": 210652000
  },
  {
    "date": "1988-11-30",
    "symbol": "COST",
    "reportedCurrency": "USD",
    "cik": "0000909832",
    "filingDate": "1988-11-30",
    "acceptedDate": "1988-11-29 19:00:00",
    "fiscalYear": "1989",
    "period": "Q1",
    "revenue": 1567300000,
    "costOfRevenue": 0,
    "grossProfit": 1567300000,
    "researchAndDevelopmentExpenses": 0,
    "generalAndAdministrativeExpenses": 0,
    "sellingAndMarketingExpenses": 0,
    "sellingGeneralAndAdministrativeExpenses": 0,
    "otherExpenses": 0,
    "operatingExpenses": 0,
    "costAndExpenses": 0,
    "netInterestIncome": 0,
    "interestIncome": 0,
    "interestExpense": 0,
    "depreciationAndAmortization": 0,
    "ebitda": 1567300000,
    "ebit": 1567300000,
    "nonOperatingIncomeExcludingInterest": 0,
    "operatingIncome": 1567300000,
    "totalOtherIncomeExpensesNet": -1567300000,
    "incomeBeforeTax": 0,
    "incomeTaxExpense": 0,
    "netIncomeFromContinuingOperations": 38800000,
    "netIncomeFromDiscontinuedOperations": 0,
    "otherAdjustmentsToNetIncome": 0,
    "netIncome": 38800000,
    "netIncomeDeductions": 0,
    "bottomLineNetIncome": 38800000,
    "eps": 0.19,
    "epsDiluted": 0.19,
    "weightedAverageShsOut": 210652000,
    "weightedAverageShsOutDil": 210652000
  },
  {
    "date": "1988-08-31",
    "symbol": "COST",
    "reportedCurrency": "USD",
    "cik": "0000909832",
    "filingDate": "1988-08-31",
    "acceptedDate": "1988-08-30 20:00:00",
    "fiscalYear": "1988",
    "period": "Q4",
    "revenue": 919400000,
    "costOfRevenue": 0,
    "grossProfit": 919400000,
    "researchAndDevelopmentExpenses": 0,
    "generalAndAdministrativeExpenses": 0,
    "sellingAndMarketingExpenses": 0,
    "sellingGeneralAndAdministrativeExpenses": 0,
    "otherExpenses": 3995100000,
    "operatingExpenses": 3995100000,
    "costAndExpenses": 3995100000,
    "netInterestIncome": 0,
    "interestIncome": 0,
    "interestExpense": 0,
    "depreciationAndAmortization": 0,
    "ebitda": -3075700000,
    "ebit": -3075700000,
    "nonOperatingIncomeExcludingInterest": 0,
    "operatingIncome": -3075700000,
    "totalOtherIncomeExpensesNet": 3075700000,
    "incomeBeforeTax": 0,
    "incomeTaxExpense": 0,
    "netIncomeFromContinuingOperations": 24100000,
    "netIncomeFromDiscontinuedOperations": 0,
    "otherAdjustmentsToNetIncome": 0,
    "netIncome": 24100000,
    "netIncomeDeductions": 0,
    "bottomLineNetIncome": 24100000,
    "eps": 0.1152889399,
    "epsDiluted": 0.1152889399,
    "weightedAverageShsOut": 209040000,
    "weightedAverageShsOutDil": 209040000
  },
  {
    "date": "1988-05-31",
    "symbol": "COST",
    "reportedCurrency": "USD",
    "cik": "0000909832",
    "filingDate": "1988-05-31",
    "acceptedDate": "1988-05-30 20:00:00",
    "fiscalYear": "1988",
    "period": "Q3",
    "revenue": 960500000,
    "costOfRevenue": 0,
    "grossProfit": 960500000,
    "researchAndDevelopmentExpenses": 0,
    "generalAndAdministrativeExpenses": 0,
    "sellingAndMarketingExpenses": 0,
    "sellingGeneralAndAdministrativeExpenses": 0,
    "otherExpenses": 0,
    "operatingExpenses": 0,
    "costAndExpenses": 0,
    "netInterestIncome": 0,
    "interestIncome": 0,
    "interestExpense": 0,
    "depreciationAndAmortization": 0,
    "ebitda": 960500000,
    "ebit": 960500000,
    "nonOperatingIncomeExcludingInterest": 0,
    "operatingIncome": 960500000,
    "totalOtherIncomeExpensesNet": -960500000,
    "incomeBeforeTax": 0,
    "incomeTaxExpense": 0,
    "netIncomeFromContinuingOperations": 18700000,
    "netIncomeFromDiscontinuedOperations": 0,
    "otherAdjustmentsToNetIncome": 0,
    "netIncome": 18700000,
    "netIncomeDeductions": 0,
    "bottomLineNetIncome": 18700000,
    "eps": 0.09,
    "epsDiluted": 0.09,
    "weightedAverageShsOut": 209040000,
    "weightedAverageShsOutDil": 209040000
  },
  {
    "date": "1988-02-29",
    "symbol": "COST",
    "reportedCurrency": "USD",
    "cik": "0000909832",
    "filingDate": "1988-02-29",
    "acceptedDate": "1988-02-28 19:00:00",
    "fiscalYear": "1988",
    "period": "Q2",
    "revenue": 842600000,
    "costOfRevenue": 0,
    "grossProfit": 842600000,
    "researchAndDevelopmentExpenses": 0,
    "generalAndAdministrativeExpenses": 0,
    "sellingAndMarketingExpenses": 0,
    "sellingGeneralAndAdministrativeExpenses": 0,
    "otherExpenses": 0,
    "operatingExpenses": 0,
    "costAndExpenses": 0,
    "netInterestIncome": 0,
    "interestIncome": 0,
    "interestExpense": 0,
    "depreciationAndAmortization": 0,
    "ebitda": 842600000,
    "ebit": 842600000,
    "nonOperatingIncomeExcludingInterest": 0,
    "operatingIncome": 842600000,
    "totalOtherIncomeExpensesNet": -842600000,
    "incomeBeforeTax": 0,
    "incomeTaxExpense": 0,
    "netIncomeFromContinuingOperations": 21100000,
    "netIncomeFromDiscontinuedOperations": 0,
    "otherAdjustmentsToNetIncome": 0,
    "netIncome": 21100000,
    "netIncomeDeductions": 0,
    "bottomLineNetIncome": 21100000,
    "eps": 0.1,
    "epsDiluted": 0.1,
    "weightedAverageShsOut": 209040000,
    "weightedAverageShsOutDil": 209040000
  },
  {
    "date": "1987-11-30",
    "symbol": "COST",
    "reportedCurrency": "USD",
    "cik": "0000909832",
    "filingDate": "1987-11-30",
    "acceptedDate": "1987-11-29 19:00:00",
    "fiscalYear": "1988",
    "period": "Q1",
    "revenue": 1283100000,
    "costOfRevenue": 0,
    "grossProfit": 1283100000,
    "researchAndDevelopmentExpenses": 0,
    "generalAndAdministrativeExpenses": 0,
    "sellingAndMarketingExpenses": 0,
    "sellingGeneralAndAdministrativeExpenses": 0,
    "otherExpenses": 0,
    "operatingExpenses": 0,
    "costAndExpenses": 0,
    "netInterestIncome": 0,
    "interestIncome": 0,
    "interestExpense": 0,
    "depreciationAndAmortization": 0,
    "ebitda": 1283100000,
    "ebit": 1283100000,
    "nonOperatingIncomeExcludingInterest": 0,
    "operatingIncome": 1283100000,
    "totalOtherIncomeExpensesNet": -1283100000,
    "incomeBeforeTax": 0,
    "incomeTaxExpense": 0,
    "netIncomeFromContinuingOperations": 30900000,
    "netIncomeFromDiscontinuedOperations": 0,
    "otherAdjustmentsToNetIncome": 0,
    "netIncome": 30900000,
    "netIncomeDeductions": 0,
    "bottomLineNetIncome": 30900000,
    "eps": 0.15,
    "epsDiluted": 0.15,
    "weightedAverageShsOut": 209040000,
    "weightedAverageShsOutDil": 209040000
  },
  {
    "date": "1987-08-31",
    "symbol": "COST",
    "reportedCurrency": "USD",
    "cik": "0000909832",
    "filingDate": "1987-08-31",
    "acceptedDate": "1987-08-30 20:00:00",
    "fiscalYear": "1987",
    "period": "Q4",
    "revenue": 855900000,
    "costOfRevenue": 0,
    "grossProfit": 855900000,
    "researchAndDevelopmentExpenses": 0,
    "generalAndAdministrativeExpenses": 0,
    "sellingAndMarketingExpenses": 0,
    "sellingGeneralAndAdministrativeExpenses": 0,
    "otherExpenses": 3178700000,
    "operatingExpenses": 3178700000,
    "costAndExpenses": 3178700000,
    "netInterestIncome": 0,
    "interestIncome": 0,
    "interestExpense": 0,
    "depreciationAndAmortization": 0,
    "ebitda": -2322800000,
    "ebit": -2322800000,
    "nonOperatingIncomeExcludingInterest": 0,
    "operatingIncome": -2322800000,
    "totalOtherIncomeExpensesNet": 2322800000,
    "incomeBeforeTax": 0,
    "incomeTaxExpense": 0,
    "netIncomeFromContinuingOperations": 19100000,
    "netIncomeFromDiscontinuedOperations": 0,
    "otherAdjustmentsToNetIncome": 0,
    "netIncome": 19100000,
    "netIncomeDeductions": 0,
    "bottomLineNetIncome": 19100000,
    "eps": 0.0916198973,
    "epsDiluted": 0.0916198973,
    "weightedAverageShsOut": 208470000,
    "weightedAverageShsOutDil": 208470000
  },
  {
    "date": "1987-05-31",
    "symbol": "COST",
    "reportedCurrency": "USD",
    "cik": "0000909832",
    "filingDate": "1987-05-31",
    "acceptedDate": "1987-05-30 20:00:00",
    "fiscalYear": "1987",
    "period": "Q3",
    "revenue": 738900000,
    "costOfRevenue": 0,
    "grossProfit": 738900000,
    "researchAndDevelopmentExpenses": 0,
    "generalAndAdministrativeExpenses": 0,
    "sellingAndMarketingExpenses": 0,
    "sellingGeneralAndAdministrativeExpenses": 0,
    "otherExpenses": 0,
    "operatingExpenses": 0,
    "costAndExpenses": 0,
    "netInterestIncome": 0,
    "interestIncome": 0,
    "interestExpense": 0,
    "depreciationAndAmortization": 0,
    "ebitda": 738900000,
    "ebit": 738900000,
    "nonOperatingIncomeExcludingInterest": 0,
    "operatingIncome": 738900000,
    "totalOtherIncomeExpensesNet": -738900000,
    "incomeBeforeTax": 0,
    "incomeTaxExpense": 0,
    "netIncomeFromContinuingOperations": 14700000,
    "netIncomeFromDiscontinuedOperations": 0,
    "otherAdjustmentsToNetIncome": 0,
    "netIncome": 14700000,
    "netIncomeDeductions": 0,
    "bottomLineNetIncome": 14700000,
    "eps": 0.07,
    "epsDiluted": 0.07,
    "weightedAverageShsOut": 208470000,
    "weightedAverageShsOutDil": 208470000
  },
  {
    "date": "1987-02-28",
    "symbol": "COST",
    "reportedCurrency": "USD",
    "cik": "0000909832",
    "filingDate": "1987-02-28",
    "acceptedDate": "1987-02-27 19:00:00",
    "fiscalYear": "1987",
    "period": "Q2",
    "revenue": 678700000,
    "costOfRevenue": 0,
    "grossProfit": 678700000,
    "researchAndDevelopmentExpenses": 0,
    "generalAndAdministrativeExpenses": 0,
    "sellingAndMarketingExpenses": 0,
    "sellingGeneralAndAdministrativeExpenses": 0,
    "otherExpenses": 0,
    "operatingExpenses": 0,
    "costAndExpenses": 0,
    "netInterestIncome": 0,
    "interestIncome": 0,
    "interestExpense": 0,
    "depreciationAndAmortization": 0,
    "ebitda": 678700000,
    "ebit": 678700000,
    "nonOperatingIncomeExcludingInterest": 0,
    "operatingIncome": 678700000,
    "totalOtherIncomeExpensesNet": -678700000,
    "incomeBeforeTax": 0,
    "incomeTaxExpense": 0,
    "netIncomeFromContinuingOperations": 16700000,
    "netIncomeFromDiscontinuedOperations": 0,
    "otherAdjustmentsToNetIncome": 0,
    "netIncome": 16700000,
    "netIncomeDeductions": 0,
    "bottomLineNetIncome": 16700000,
    "eps": 0.08,
    "epsDiluted": 0.08,
    "weightedAverageShsOut": 199118000,
    "weightedAverageShsOutDil": 199118000
  },
  {
    "date": "1986-11-30",
    "symbol": "COST",
    "reportedCurrency": "USD",
    "cik": "0000909832",
    "filingDate": "1986-11-30",
    "acceptedDate": "1986-11-29 19:00:00",
    "fiscalYear": "1987",
    "period": "Q1",
    "revenue": 1032200000,
    "costOfRevenue": 0,
    "grossProfit": 1032200000,
    "researchAndDevelopmentExpenses": 0,
    "generalAndAdministrativeExpenses": 0,
    "sellingAndMarketingExpenses": 0,
    "sellingGeneralAndAdministrativeExpenses": 0,
    "otherExpenses": 0,
    "operatingExpenses": 0,
    "costAndExpenses": 0,
    "netInterestIncome": 0,
    "interestIncome": 0,
    "interestExpense": 0,
    "depreciationAndAmortization": 0,
    "ebitda": 1032200000,
    "ebit": 1032200000,
    "nonOperatingIncomeExcludingInterest": 0,
    "operatingIncome": 1032200000,
    "totalOtherIncomeExpensesNet": -1032200000,
    "incomeBeforeTax": 0,
    "incomeTaxExpense": 0,
    "netIncomeFromContinuingOperations": 22800000,
    "netIncomeFromDiscontinuedOperations": 0,
    "otherAdjustmentsToNetIncome": 0,
    "netIncome": 22800000,
    "netIncomeDeductions": 0,
    "bottomLineNetIncome": 22800000,
    "eps": 0.11,
    "epsDiluted": 0.11,
    "weightedAverageShsOut": 199118000,
    "weightedAverageShsOutDil": 199118000
  },
  {
    "date": "1986-08-31",
    "symbol": "COST",
    "reportedCurrency": "USD",
    "cik": "0000909832",
    "filingDate": "1986-08-31",
    "acceptedDate": "1986-08-30 20:00:00",
    "fiscalYear": "1986",
    "period": "Q4",
    "revenue": 697000000,
    "costOfRevenue": 0,
    "grossProfit": 697000000,
    "researchAndDevelopmentExpenses": 0,
    "generalAndAdministrativeExpenses": 0,
    "sellingAndMarketingExpenses": 0,
    "sellingGeneralAndAdministrativeExpenses": 0,
    "otherExpenses": 2546800000,
    "operatingExpenses": 2546800000,
    "costAndExpenses": 2546800000,
    "netInterestIncome": 0,
    "interestIncome": 0,
    "interestExpense": 0,
    "depreciationAndAmortization": 0,
    "ebitda": -1849800000,
    "ebit": -1849800000,
    "nonOperatingIncomeExcludingInterest": 0,
    "operatingIncome": -1849800000,
    "totalOtherIncomeExpensesNet": 1849800000,
    "incomeBeforeTax": 0,
    "incomeTaxExpense": 0,
    "netIncomeFromContinuingOperations": 16000000,
    "netIncomeFromDiscontinuedOperations": 0,
    "otherAdjustmentsToNetIncome": 0,
    "netIncome": 16000000,
    "netIncomeDeductions": 0,
    "bottomLineNetIncome": 16000000,
    "eps": 0.0819663733,
    "epsDiluted": 0.0819663733,
    "weightedAverageShsOut": 195202000,
    "weightedAverageShsOutDil": 195202000
  },
  {
    "date": "1986-05-31",
    "symbol": "COST",
    "reportedCurrency": "USD",
    "cik": "0000909832",
    "filingDate": "1986-05-31",
    "acceptedDate": "1986-05-30 20:00:00",
    "fiscalYear": "1986",
    "period": "Q3",
    "revenue": 605100000,
    "costOfRevenue": 0,
    "grossProfit": 605100000,
    "researchAndDevelopmentExpenses": 0,
    "generalAndAdministrativeExpenses": 0,
    "sellingAndMarketingExpenses": 0,
    "sellingGeneralAndAdministrativeExpenses": 0,
    "otherExpenses": 0,
    "operatingExpenses": 0,
    "costAndExpenses": 0,
    "netInterestIncome": 0,
    "interestIncome": 0,
    "interestExpense": 0,
    "depreciationAndAmortization": 0,
    "ebitda": 605100000,
    "ebit": 605100000,
    "nonOperatingIncomeExcludingInterest": 0,
    "operatingIncome": 605100000,
    "totalOtherIncomeExpensesNet": -605100000,
    "incomeBeforeTax": 0,
    "incomeTaxExpense": 0,
    "netIncomeFromContinuingOperations": 11300000,
    "netIncomeFromDiscontinuedOperations": 0,
    "otherAdjustmentsToNetIncome": 0,
    "netIncome": 11300000,
    "netIncomeDeductions": 0,
    "bottomLineNetIncome": 11300000,
    "eps": 0.06,
    "epsDiluted": 0.06,
    "weightedAverageShsOut": 195202000,
    "weightedAverageShsOutDil": 195202000
  },
  {
    "date": "1986-02-28",
    "symbol": "COST",
    "reportedCurrency": "USD",
    "cik": "0000909832",
    "filingDate": "1986-02-28",
    "acceptedDate": "1986-02-27 19:00:00",
    "fiscalYear": "1986",
    "period": "Q2",
    "revenue": 531000000,
    "costOfRevenue": 0,
    "grossProfit": 531000000,
    "researchAndDevelopmentExpenses": 0,
    "generalAndAdministrativeExpenses": 0,
    "sellingAndMarketingExpenses": 0,
    "sellingGeneralAndAdministrativeExpenses": 0,
    "otherExpenses": 0,
    "operatingExpenses": 0,
    "costAndExpenses": 0,
    "netInterestIncome": 0,
    "interestIncome": 0,
    "interestExpense": 0,
    "depreciationAndAmortization": 0,
    "ebitda": 531000000,
    "ebit": 531000000,
    "nonOperatingIncomeExcludingInterest": 0,
    "operatingIncome": 531000000,
    "totalOtherIncomeExpensesNet": -531000000,
    "incomeBeforeTax": 0,
    "incomeTaxExpense": 0,
    "netIncomeFromContinuingOperations": 13300000,
    "netIncomeFromDiscontinuedOperations": 0,
    "otherAdjustmentsToNetIncome": 0,
    "netIncome": 13300000,
    "netIncomeDeductions": 0,
    "bottomLineNetIncome": 13300000,
    "eps": 0.07,
    "epsDiluted": 0.07,
    "weightedAverageShsOut": 195202000,
    "weightedAverageShsOutDil": 195202000
  },
  {
    "date": "1985-11-30",
    "symbol": "COST",
    "reportedCurrency": "USD",
    "cik": "0000909832",
    "filingDate": "1985-11-30",
    "acceptedDate": "1985-11-29 19:00:00",
    "fiscalYear": "1986",
    "period": "Q1",
    "revenue": 815600000,
    "costOfRevenue": 0,
    "grossProfit": 815600000,
    "researchAndDevelopmentExpenses": 0,
    "generalAndAdministrativeExpenses": 0,
    "sellingAndMarketingExpenses": 0,
    "sellingGeneralAndAdministrativeExpenses": 0,
    "otherExpenses": 0,
    "operatingExpenses": 0,
    "costAndExpenses": 0,
    "netInterestIncome": 0,
    "interestIncome": 0,
    "interestExpense": 0,
    "depreciationAndAmortization": 0,
    "ebitda": 815600000,
    "ebit": 815600000,
    "nonOperatingIncomeExcludingInterest": 0,
    "operatingIncome": 815600000,
    "totalOtherIncomeExpensesNet": -815600000,
    "incomeBeforeTax": 0,
    "incomeTaxExpense": 0,
    "netIncomeFromContinuingOperations": 18400000,
    "netIncomeFromDiscontinuedOperations": 0,
    "otherAdjustmentsToNetIncome": 0,
    "netIncome": 18400000,
    "netIncomeDeductions": 0,
    "bottomLineNetIncome": 18400000,
    "eps": 0.1,
    "epsDiluted": 0.1,
    "weightedAverageShsOut": 195202000,
    "weightedAverageShsOutDil": 195202000
  },
  {
    "date": "1985-08-31",
    "symbol": "COST",
    "reportedCurrency": "USD",
    "cik": "0000909832",
    "filingDate": "1985-08-31",
    "acceptedDate": "1985-08-30 20:00:00",
    "fiscalYear": "1985",
    "period": "Q4",
    "revenue": 477000000,
    "costOfRevenue": 0,
    "grossProfit": 477000000,
    "researchAndDevelopmentExpenses": 0,
    "generalAndAdministrativeExpenses": 0,
    "sellingAndMarketingExpenses": 0,
    "sellingGeneralAndAdministrativeExpenses": 0,
    "otherExpenses": 1790300000,
    "operatingExpenses": 1790300000,
    "costAndExpenses": 1790300000,
    "netInterestIncome": 0,
    "interestIncome": 0,
    "interestExpense": 0,
    "depreciationAndAmortization": 0,
    "ebitda": -1313300000,
    "ebit": -1313300000,
    "nonOperatingIncomeExcludingInterest": 0,
    "operatingIncome": -1313300000,
    "totalOtherIncomeExpensesNet": 1313300000,
    "incomeBeforeTax": 0,
    "incomeTaxExpense": 0,
    "netIncomeFromContinuingOperations": 12900000,
    "netIncomeFromDiscontinuedOperations": 0,
    "otherAdjustmentsToNetIncome": 0,
    "netIncome": 12900000,
    "netIncomeDeductions": 0,
    "bottomLineNetIncome": 12900000,
    "eps": 0.066669423,
    "epsDiluted": 0.0660853885,
    "weightedAverageShsOut": 193492000,
    "weightedAverageShsOutDil": 195202000
  }
]